2634 4716
239 342 455 455 ιιιιιοιιι».
485 362 832 453 Mnn'rnoonrr.
874 360 956 464 ei.
1102 408 1125 473 2
1176 354 1183 377 ⁸

247 571 277 649 §.
307 586 341 634 ιι.
393 570 441 632 ni
453 571 467 632 i
479 590 532 634 as
539 570 559 653 )
609 570 673 632 Hir
696 570 787 635 iocur
812 571 949 641 indicat.
982 568 1128 649 Pompo·

78 672 173 739 niurn
189 685 245 733 ent
259 671 419 757 irripiilfe,
445 694 526 755 qnae
544 687 729 755 temporum
745 671 872 735 saevitia
893 672 1128 743 interciderint.

78 789 136 843 ιιιιι
151 776 271 837 maiore
288 776 337 836 hie
360 778 402 837 de
419 774 478 836 srtn
501 774 587 839 nrbie
609 772 699 838 fuiiie
721 773 925 858 scripturum.
977 775 1015 835 id
1038 772 1129 854 qnod

78 876 165 939 libro
190 891 223 956 3.
248 873 298 967 [c.
315 878 349 948 6.
365 872 426 967 4.]
454 879 490 939 in
513 879 697 941 Britanniae
719 880 779 939 situ
796 880 847 939 hie
868 894 999 961 quoque
1018 873 1129 939 verbio

78 978 219 1042 innuiffe
233 978 316 1041 mihi
333 979 479 1043 videtur:
504 980 681 1043 Britannia
699 980 801 1062 qrmlis
810 976 872 1073 fir,
894 978 1042 1063 qualesve
1053 996 1129 1058 prn-

79 1093 224 1163 generer.
252 1098 328 1144 mox
349 1083 484 1145 certiora
499 1096 531 1144 er
553 1084 658 1163 magis
681 1082 854 1159 explorare
875 1080 1039 1141 dicentur:
1070 1096 1128 1158 per

80 1201 137 1244 rne
156 1179 290 1255 seilicet,
321 1183 470 1266 ampliori
493 1204 590 1268 opere
615 1181 778 1253 instituio,
817 1198 856 1243 ut
883 1202 947 1267 ego
969 1180 1130 1264 intelligo,

80 1304 274 1367 quemquem
307 1286 348 1347 eri
374 1287 454 1348 eiioe
485 1305 614 1369 quoque
646 1284 757 1347 referri
782 1281 888 1367 poffit.
940 1298 1129 1345 rnnrnrrve.

80 1386 170 1449 Haec
185 1406 251 1447 vox
272 1405 340 1449 non
357 1387 481 1459 innuit,
512 1389 603 1471 pinre
621 1386 715 1449 ilium
736 1386 842 1468 poster
856 1382 1052 1467 praeiiirilie‚
1080 1380 1133 1444 fed

79 1490 193 1577 potine
207 1487 279 1549 iunt
293 1488 390 1550 verbe
405 1490 489 1553 bene
504 1491 693 1559 eminentie,
715 1490 749 1549 in
764 1508 829 1571 qno
848 1479 1136 1569 superstitiosrlirmi

82 1590 183 1651 client
206 1590 359 1677 gentilee,
400 1593 536 1675 perinde
561 1604 600 1653 ut
621 1580 738 1655 Cicero
762 1590 803 1652 de
828 1587 912 1652 offro.
939 1608 969 1659 ι,
997 1604 1032 1651 2.
1061 1605 1134 1647 cnm

71 1684 257 1786 fleturffem
278 1692 401 1775 aliquid
420 1695 481 1755 lion
502 1708 643 1773 tempore
663 1692 707 1753 ad
735 1704 768 1753 te
787 1682 942 1783 scribere.
976 1702 1009 1749 er
1030 1687 1134 1749 mrrlra
1180 1712 1183 1717 ·

80 1791 231 1887 postiae.
283 1795 331 1856 lta
346 1795 475 1857 Pauline
493 1796 532 1857 nd
550 1794 714 1858 Hebraeos
732 1795 765 1864 6,
783 1807 816 1872 3.
843 1787 902 1857 :eni
919 1788 1024 1855 τοῦτο
1045 1782 1136 1875 neni·

83 1914 194 1984 σομεν.
228 1894 290 1958 Sed
306 1894 412 1957 addit:
437 1891 554 1986 ἐάνπερ
570 1893 724 1983 ἐπιτρέπῃ
739 1890 755 1957 ὁ
772 1889 859 1969 θεάς.
893 1894 1019 1957 Eodem
1032 1894 1158 1971 mode¹

84 1994 241 2059 Octavius
255 1997 343 2078 apud
358 1997 543 2061 Minucium
560 2000 699 2062 Felicem
719 1992 770 2084 [c.
788 1998 846 2076 δή
866 1992 922 2083 3.]
947 2016 988 2055 ae
1002 1992 1042 2055 de
1047 1984 1135 2083 faro

78 2088 177 2191 fietis,
202 2096 254 2159 vei
264 2093 301 2187 si
323 2120 430 2177 pauca
450 2120 511 2181 pro
525 2113 674 2191 tempore,
703 2098 905 2179 dispnrnnaeri
917 2097 1002 2157 nlius
1016 2106 1050 2156 et
1065 2092 1136 2156 rebe·

87 2200 152 2261 rius
179 2210 212 2261 er
238 2198 372 2277 pimins.
416 2220 441 2265 1.
466 2220 669 2263 enonnvrve
688 2201 765 2262 MS.
828 2200 920 2262 Alias
945 2201 968 2261 i.
994 2216 1024 2260 e.
1053 2194 1136 2259 inire

86 2320 207 2381 nempe
224 2320 255 2371 ι.
271 2310 308 2379 4.
326 2314 360 2379 5.
384 2303 423 2362 ad
444 2322 543 2386 quern
566 2303 676 2365 locum
693 2302 758 2363 fine
776 2301 881 2361 dnbio
897 2298 981 2361 Mein
998 2296 1136 2380 respicii.

89 2401 144 2463 lbi
157 2402 243 2463 enirn
256 2419 339 2465 voce
352 2406 502 2465 exactius
515 2406 629 2476 uritur,
654 2404 733 2464 finni
748 2403 813 2464 hoe
827 2403 910 2464 ioco.
963 2401 1050 2461 Hinc
1066 2418 1137 2463 non

89 2520 175 2582 opue
188 2502 241 2574 eii.
262 2516 300 2563 nt
315 2523 390 2565 cum
406 2506 560 2575 vediano,
579 2504 709 2591 Hegero
731 2497 787 2593 [v.
803 2506 845 2567 ei.
863 2498 1136 2587 Geogrephiieher

87 2599 313 2669 Becher-sni
329 2606 371 2670 T.
389 2621 423 2669 Ω.
444 2606 483 2671 Ρ.
502 2622 536 2681 7.
559 2626 632 2694 pag.
654 2618 741 2687 499.
767 2618 800 2667 et
820 2599 928 2691 509.]
954 2604 1137 2674 statuemur,

86 2721 212 2790 praeter
227 2706 290 2769 hor
303 2708 345 2768 de
362 2709 418 2768 iirn
434 2708 521 2771 orbie
538 2723 602 2770 tres
616 2708 718 2771 libror
733 2707 853 2769 Meinm
867 2707 967 2769 elium
983 2707 1138 2769 eundern·

87 2829 151 2891 qne
165 2810 322 2871 rnaiorern
336 2808 473 2880 librum,
501 2812 656 2892 temporie
676 2810 791 2869 iniuria
810 2804 899 2869 nune
921 2809 1137 2891 deperditum,

86 2908 249 2995 Ieripiiiie,
281 2923 338 2973 eut
357 2924 443 2973 certe
464 2910 595 2973 scribere
617 2912 652 2971 in
673 2913 785 2971 animo
801 2908 952 2973 hebniffe.
997 2928 1139 2973 xnrrrve

89 3006 137 3075 ιδ
157 3011 235 3074 odii.
254 3026 289 3075 Ω.
310 3034 344 3091 p.
360 3028 421 3093 97.
473 3014 557 3076 Sunt
578 3014 641 3073 viri
659 3013 759 3082 docti,
784 3013 841 3093 qui
862 3011 945 3071 elias
966 3013 1053 3074 idern
1076 3008 1151 3075 effe-

89 3114 207 3185 relint.
225 3112 316 3197 qued
333 3104 481 3205 inferire,
502 3128 682 3197 putentque
698 3113 818 3175 Melam
834 3115 971 3174 innuere
986 3133 1031 3180 ea.
1057 3132 1137 3194 qnae

91 3215 192 3277 hebet
218 3236 247 3287 ι,
270 3226 305 3294 4.
328 3226 363 3293 5.
411 3216 475 3279 Sed
507 3218 650 3299 primum
684 3216 784 3277 veiim
819 3216 977 3275 idoneum
1008 3214 1140 3277 afferant

92 3319 223 3391 iocum,
249 3316 338 3379 uncie
360 3318 524 3399 eriperent,
551 3318 638 3381 alias
659 3316 745 3379 idern
761 3319 926 3377 interdum
945 3315 1021 3381 effe.
1054 3316 1142 3397 qnod

91 3411 249 3511 inseriurr
273 3420 356 3482 mihi
372 3420 505 3501 quidem
525 3419 664 3501 reperire
684 3438 753 3481 non
768 3420 924 3501 contigit,
951 3418 1006 3478 etii
1029 3415 1138 3480 ieinlo

92 3520 246 3605 queeiivi.
297 3522 332 3583 si
346 3522 495 3584 aliniaco
510 3520 648 3591 dixiiiet.
670 3541 738 3583 non
754 3536 950 3605 pugnaremr
984 3518 1027 3580 est
1050 3538 1142 3581 enim

95 3644 158 3709 pro
183 3614 320 3714 inferius
344 3625 428 3708 epnd
456 3625 648 3688 Ciceronem
674 3642 734 3705 pro
760 3622 891 3685 Plancio
916 3640 943 3681 c.
966 3631 999 3697 fl.
1018 3618 1041 3683 f.
1065 3621 1140 3684 coli.

95 3744 123 3788 e.
146 3724 202 3789 ιθ.
237 3725 332 3808 Apud
348 3728 489 3811 eprimor
504 3739 589 3788 certe
607 3739 753 3788 auctores
767 3725 850 3785 alias
867 3722 989 3805 semper
1002 3723 1043 3787 de
1060 3738 1141 3785 tem·

95 3846 175 3910 pore
189 3826 370 3909 usurpetur,
392 3830 476 3913 apud
493 3828 681 3912 posteriores
697 3830 792 3890 etiam
809 3826 955 3887 deloco:
975 3823 1034 3902 (ci.
1054 3826 1141 3886 Peri·

97 3948 172 3993 zon.
190 3930 230 3991 ed
253 3930 414 3991 sannen.
437 3951 466 3992 ι.
490 3951 517 3993 c.
541 3950 595 4011 ¹7·
619 3943 689 3994 not.
709 3932 762 4006 e.)
798 3927 935 3993 Deinde.
962 3927 1141 3988 (iconiide-

95 4050 215 4102 remus.
245 4050 326 4112 quae
350 4026 559 4094 [edicturum
583 4033 669 4095 Meie
687 4034 864 4114 profitetur,
890 4026 980 4090 iaciie
1002 4039 1142 4111 apparet.

93 4132 181 4197 irene
199 4134 270 4197 eine
289 4146 391 4198 torem
406 4132 635 4220 proiessionem
649 4134 809 4200 exhauriri
828 4133 884 4205 iie,
910 4148 990 4214 quae
1005 4130 1055 4195 hir
1071 4133 1142 4194 eine
