2634 4716
189 383 243 468 m
270 409 409 469 ronti.
439 411 549 469 nat.
588 411 625 485 ῃ.
647 413 671 467 1.
715 358 996 482 emersa
1056 432 1118 493 ιο,

72 578 207 647 mutatis
221 579 333 645 verbis
345 583 448 648 refert
462 585 581 648 Strabo
594 580 653 648 lib.
665 602 697 648 a.
713 608 745 670 p.
760 596 820 668 89.
833 585 857 651 s.
872 598 1009 666 130.jet
1023 585 1118 656 novit·

70 688 193 773 γεσθαι
212 682 359 752 adhibet.

134 879 335 981 sinitur)
385 888 420 954 si
442 892 700 977 progressionem
711 893 822 955 Melae
838 888 997 975 tenuerit,
1017 888 1114 957 intel·

63 986 146 1076 tigit
174 989 407 1055 Mauretaniae
436 1009 578 1058 tractum
600 996 642 1056 ad
672 995 796 1059 fretum
822 994 1043 1070 Gaditanum,
1075 993 1115 1059 iu

64 1113 136 1179 quo
158 1091 322 1177 consentit
343 1093 444 1161 etiam
464 1098 581 1161 Strabo
603 1118 632 1162 c.
648 1100 670 1161 l.

234 1300 266 1383 fi.
296 1317 328 1363 a.
380 1302 527 1363 eximie
546 1293 750 1394 fertilis)
787 1296 1115 1374 Feracitarrlsrieae,
1247 1370 1252 1389 Ι

65 1416 136 1485 qua
160 1400 251 1463 culta
279 1400 340 1473 est,
376 1403 416 1465 ab
444 1400 545 1467 Orbis
578 1400 707 1489 antiqui
739 1400 972 1487 scriptoribus,
1005 1401 1116 1487 plenia

66 1496 186 1563 buccis
213 1502 418 1567 decantatur.
469 1505 671 1577 Herodotus,
698 1505 755 1584 [4,
783 1507 885 1587 ι98.]
918 1505 1033 1584 Varro,
1056 1506 1071 1583 [
1085 1528 1117 1585 ι,

10 1642 14 1651 =
65 1604 154 1685 [μμ]
182 1601 313 1668 Plinius
338 1607 421 1687 [ι8,
448 1625 505 1668 21.
530 1605 549 1668 s.
573 1601 650 1692 10.]
678 1603 825 1669 Africam
848 1604 884 1667 in
907 1602 1006 1668 certis
1031 1602 1115 1669 locis

65 1722 140 1765 non
157 1705 261 1768 modo
279 1710 502 1780 centesimum,
533 1708 588 1770 sed
608 1723 641 1770 et
655 1708 916 1770 ducentefimum
939 1722 973 1771 et
996 1704 1115 1770 tricen-

64 1807 220 1871 tesimum
241 1807 362 1873 foenus
381 1807 558 1872 reddidisse
581 1807 687 1873 aiunt.
738 1809 821 1871 lnde
844 1801 952 1900 muffet
974 1808 1118 1891 Libycae

64 1903 107 1968 in
134 1906 310 1992 proverbio
337 1908 495 1973 dicuntur
515 1908 720 1983 uberrimae,
753 1925 789 1973 et
812 1927 950 1994 poetae,
980 1910 1116 1995 qnando

67 2009 114 2071 de
129 2029 249 2096 magno
265 2010 399 2095 frugum
412 2026 579 2094 proventu
595 2013 789 2096 loquuntur,
812 2008 936 2091 Libyae
953 2012 1117 2094 messium,

67 2109 188 2192 Libyci
222 2109 330 2175 tritici
362 2110 599 2174 meminerunt.
651 2111 702 2174 cf.
728 2114 845 2175 Horat.
870 2135 899 2175 r.
924 2113 978 2175 od.
1001 2137 1030 2184 r,
1059 2136 1115 2179 ro.

67 2210 207 2298 insignit
225 2215 322 2277 lotus
339 2212 379 2278 de
393 2211 565 2277 fertilitate
579 2210 711 2275 Africae
729 2213 772 2273 est
791 2213 880 2295 apud
897 2211 1063 2275 Rutilium
1078 2212 1116 2277 in

68 2311 183 2392 itiner.
208 2314 392 2398 [r,147.]
428 2336 596 2379 onrevrvs
623 2315 701 2377 MS.
763 2316 858 2397 Quae
890 2314 999 2376 forsan
1020 2317 1117 2377 causa

69 2412 168 2478 dedit
181 2413 347 2501 originem
369 2412 596 2501 appellationi,
620 2435 683 2501 qua
696 2404 788 2505 ferie
804 2431 899 2478 notat
916 2413 1050 2498 spicam,
1077 2432 1115 2481 ut

68 2514 147 2579 satia
163 2514 334 2602 ingeniose
355 2515 485 2580 notavit
498 2519 683 2580 Bochartuu
703 2512 739 2577 in
754 2517 860 2581 Chan.
878 2540 908 2596 1,
928 2529 986 2596 25.
1026 2514 1115 2581 Satis

68 2635 183 2682 autem
198 2634 306 2704 patet,
341 2621 380 2683 ab
398 2636 534 2683 auctore
554 2616 672 2705 respici
690 2614 845 2702 regiones
863 2616 993 2682 vicinae
1010 2615 1116 2683 litori·

67 2722 132 2783 bue
154 2718 256 2784 maria
279 2718 532 2793 mediterranei,
559 2740 644 2806 quae
666 2738 735 2783 non
751 2719 858 2785 solum
873 2718 1028 2804 cognitae
1044 2720 1115 2783 sue·

68 2838 150 2885 runt
166 2819 326 2910 antiquis,
355 2824 407 2885 sed
420 2824 511 2885 haud
525 2819 626 2884 dubie
639 2818 768 2905 primia,
793 2818 852 2907 qni
876 2819 1008 2907 ingressi
1029 2822 1114 2906 sunt,

68 2924 238 2989 dederunt
269 2924 399 2988 oausam
432 2922 479 2988 ita
510 2920 709 3008 appellandi.
757 2944 781 2987 1.
812 2944 1008 2987 onouovrtn
1036 2926 1114 2989 MS.

67 3029 123 3089 De
144 3023 275 3091 Africae
295 3024 465 3090 fertilitate
487 3028 592 3087 multa
612 3040 765 3087 veterum
787 3026 861 3087 loca
883 3023 1031 3107 conlegit
1048 3028 1114 3089 Bo·

70 3130 178 3193 chart.
195 3125 233 3191 iu
247 3128 406 3192 Charraen
427 3151 457 3199 r,
479 3141 536 3205 25.
589 3125 641 3189 Cs.
663 3122 765 3188 etiam
778 3126 973 3189 Bourdelot.
990 3126 1032 3187 ad
1048 3130 1115 3188 Lu·

69 3226 165 3295 ciani
184 3228 297 3316 navig.
312 3251 341 3295 c.
363 3254 391 3294 1.
419 3244 452 3292 et
466 3248 552 3314 quae
573 3223 792 3292 notaviinsrn
806 3227 849 3290 ad
869 3250 897 3296 r,
918 3241 953 3301 7,
970 3240 1003 3305 5·
1037 3228 1114 3290 Fer-

67 3328 176 3399 tilitas
193 3332 310 3396 ‘autem
335 3329 546 3418 praedicatur
571 3328 658 3393 inter
683 3324 799 3391 Nilum
822 3344 856 3391 et
880 3326 1033 3393 Hereuie
1059 3349 1114 3393 co·

66 3438 245 3525 irrumat„¹
259 3430 295 3496 in
320 3429 439 3519 primia
462 3432 504 3495 de
528 3426 739 3515 Carthaginis
765 3444 892 3500 tractu,
926 3428 977 3495 uti
1002 3445 1116 3495 narrat

70 3538 193 3601 Strabo
213 3559 242 3599 r.
262 3557 296 3621 p.
319 3546 377 3617 89.
400 3534 421 3598 s.
447 3549 527 3612 131.
558 3549 592 3596 et
617 3550 671 3609 17.
691 3553 724 3615 p.
744 3535 831 3613 567,-
850 3531 872 3595 s.
889 3542 972 3612 825.
1022 3531 1113 3599 Hinc

69 3635 212 3704 veroin
229 3634 343 3700 numia
365 3633 470 3723 spicae
498 3634 638 3699 oslentat
659 3630 782 3699 Africa.

144 3839 355 3926 obducta)
388 3840 492 3905 Tecta
510 3840 569 3916 οὓς
594 3828 662 3901 boe
677 3835 768 3902 enim
785 3835 925 3901 obducta
944 3832 1112 3920 significat.

70 3944 127 4009 Cf.
148 3960 183 4023 3,
202 3966 258 4009 ro.
273 3940 321 4007 in.
346 3962 562 4007 erectorum.
600 3944 639 4003 ln
653 3938 825 4026 superficie
841 3937 927 4000 nihil
944 3936 1112 4011 habentia,

69 4045 135 4111 nist
156 4049 253 4111 bocar
273 4061 307 4110 et
326 4041 523 4111 infecundae
548 4064 672 4107 arenas.
712 4064 735 4106 r.
763 4062 957 4107 ononovrve
981 4039 1057 4102 MS.
1080 4060 1112 4105 1.

71 4150 128 4216 ct.
142 4150 186 4215 de
199 4150 265 4215 hoc
276 4150 381 4215 verbo
393 4146 542 4225 Passerat,
558 4147 761 4233 ad-Propert
780 4159 813 4230 3,
835 4154 890 4226 14,
905 4154 938 4222 5.
962 4156 996 4206 et
1004 4139 1115 4235 Cerdo
