2634 4716
122 426 164 500 34
393 427 553 483 nom
594 423 896 482 exaanaictn

125 598 174 660 lue
191 595 310 680 paffim.
330 599 385 680 qui
400 596 460 661 fuit
474 600 632 685 Pergami.
664 599 736 659 vid.
754 598 790 658 ad
807 599 943 679 Entrop.
955 604 988 679 4.
1006 594 1039 658 6.
1057 602 1093 673 4.
1113 604 1166 671 ι8.

127 700 196 762 tta
223 701 324 762 maior
346 714 379 762 et
401 704 509 762 minor
536 701 699 784 posteriori
727 714 871 783 tempore
893 696 988 758 nium
1011 695 1166 766 obtinuit,

103 850 107 859 .
127 802 183 864 etti
198 803 236 863 ad
250 804 427 891 antiquiora
443 816 585 884 tempora
600 823 639 865 ex
659 803 780 864 actibus
799 800 930 882 apostol.
951 817 1007 879 ¹9·
1025 812 1086 877 31.
1111 796 1170 859 mi·

127 924 188 966 nue
211 904 418 986 probabiliter
443 903 558 966 referre
579 906 667 965 malit
684 904 880 967 constantin.
902 902 1107 985 I’orphyrog.
1130 898 1169 961 de

126 1005 226 1067 thern.
251 1028 280 1077 t,
305 1020 338 1084 5.
392 1006 459 1067 Alia
482 1024 577 1087 porro
598 1006 710 1066 divisio
732 1007 833 1066 civilis
854 1003 933 1073 fnit.
960 1004 1019 1064 alia
1042 1018 1171 1087 geogr!-

127 1107 232 1189 phica.
271 1108 333 1170 Sed
350 1121 478 1169 revocat
496 1107 579 1168 Mela
596 1110 633 1167 ad
658 1111 782 1169 tertiam
801 1123 900 1169 terrae
915 1125 953 1187 pa
971 1119 1050 1174 tem.
1074 1120 1169 1185 quam

128 1210 244 1271 eodem
261 1210 360 1272 mado
377 1209 663 1293 definieruntl‘tin.
676 1211 709 1281 6,
725 1207 811 1289 141.
828 1223 882 1285 13.
900 1221 932 1269 et
942 1126 1073 1270 &rolina
1091 1227 1122 1277 t,
1138 1218 1169 1269 a.

205 1377 378 1460 tangit)
429 1379 450 1441 i.
472 1399 501 1441 e.
530 1379 649 1448 adluit,
683 1392 720 1438 ut
743 1401 771 1445 ι.
803 1395 858 1457 19.
887 1379 941 1440 ιθ.
964 1377 1073 1445 tanes.
1106 1392 1171 1457 qne

129 1492 231 1542 terras
251 1483 370 1560 tangit.
404 1478 468 1541 Pro
484 1501 523 1542 eo
546 1504 574 1552 1,
593 1493 626 1557 5.
645 1482 691 1545 in.
713 1480 903 1561 cottt‘t'ngerc.
945 1478 1054 1562 Quare
1073 1478 1170 1539 etiam

129 1581 319 1645 ciacconius
350 1582 528 1663 improbat,
559 1581 666 1645 nescio
693 1601 790 1663 quoa,
825 1582 880 1662 qni
911 1580 964 1640 hic
989 1580 1172 1641 maluerunt

129 1685 241 1761 cingit.
296 1683 379 1742 illud
404 1686 502 1745 etiam
524 1704 563 1746 ex
586 1684 653 1765 ipso
678 1684 764 1744 nexti
787 1683 841 1743 hic
861 1680 905 1743 ett
926 1682 1028 1766 magis
1050 1699 1172 1743 amom-

127 1786 307 1845 modarnm.
344 1785 476 1868 Saepius
501 1799 610 1848 tamen
635 1784 739 1869 ipsum
763 1785 929 1868 proprium
951 1783 1093 1847 verbum
1119 1780 1173 1845 ad·

128 1884 210 1947 tuere
233 1886 337 1968 ponit.

123 2112 127 2119 .
206 2057 248 2118 it
264 2042 285 2117 e
303 2055 379 2139 -)
429 2054 579 2119 Notanda
611 2058 737 2142 elegant
765 2057 930 2120 converfio
954 2074 1014 2138 pro
1038 2054 1175 2137 iimpliei

78 2196 83 2207 ·
125 2153 228 2219 forma
249 2170 283 2220 et
306 2191 355 2208 -
376 2172 408 2221 ec
439 2179 478 2223 ex
504 2178 686 2242 comparata
713 2158 908 2222 diversarum
933 2176 1043 2221 rerum
1067 2156 1175 2219 timttt·

54 2311 56 2314 ,
124 2261 251 2325 tudine.

205 2426 342 2511 Eous)
391 2431 536 2492 Multum
553 2430 667 2490 tribuit
684 2430 738 2490 hic
761 2444 870 2492 auctor
887 2428 1007 2491 Graeco
1024 2426 1174 2498 sermoni.

49 2530 55 2545 ’
128 2530 208 2592 dum
230 2534 311 2592 vitat
332 2549 445 2605 vocem
465 2532 658 2597 Orientniis.
686 2552 764 2612 qnae
787 2534 897 2611 ntique
919 2535 951 2591 in
974 2531 1011 2593 L.
1028 2530 1065 2592 L.
1088 2550 1175 2594 com·

127 2634 225 2693 mode
249 2633 449 2713 derivatnra
471 2632 661 2693 substantivo
683 2634 888 2714 participiali,
915 2633 1001 2714 qnod
1018 2621 1175 2720 adiungit.

129 2752 249 2815 nempe
267 2731 405 2795 Oriente.
439 2732 553 2793 Forsan
570 2736 641 2813 qnia
659 2754 747 2794 neca
762 2736 906 2799 meridie.
932 2753 989 2794 nec
1005 2752 1020 2792 a
1039 2731 1174 2816 septem·

128 2837 235 2896 trione
250 2832 389 2907 deducit,
416 2834 541 2923 adiecit,
570 2834 619 2896 sed
638 2832 772 2899 diversas
787 2833 1075 2915 appellationeeibi
1090 2850 1175 2916 prae·

2 3004 12 3017 ⁸
128 2936 186 2999 bet
209 2934 369 2999 Oceanus.
400 2938 599 3019 ·Sic,nolrrit
623 2940 720 3025 etiam
743 2935 884 3017 respectu
901 2936 1044 2999 Orientis
1066 2938 1173 2999 dicere

128 3040 238 3123 potine
260 3024 383 3120 Eonnr,
415 3060 510 3125 qnam
536 3038 745 3108 ostentatam,
779 3039 989 3121 idquepiane
1009 3040 1174 3101 mordicut

128 3153 234 3213 tenet,
261 3157 297 3202 ut
310 3155 400 3235 patet
415 3163 454 3204 ex
470 3162 536 3231 cap.
561 3152 615 3217 15.
644 3140 700 3200 ubi
723 3142 836 3201 maluit
853 3142 956 3232 dicere
971 3140 1044 3201 an
1063 3140 1174 3211 litora.

129 3263 198 3305 non
216 3244 401 3307 Orientalia.
429 3265 453 3305 1.
473 3262 669 3304 cnonovnva
689 3242 765 3307 MS.
821 3243 944 3304 Eodem
961 3242 1174 3305 modoetiam

128 3344 254 3409 Plinius.
268 3350 301 3416 6,
323 3333 485 3439 14115.
508 3345 598 3435 Epm
613 3366 769 3423 pceanus;
801 3365 854 3411 ιο.
875 3358 932 3425 5⁰·
951 3340 971 3405 1.
985 3330 1043 3421 95.
1065 3344 1175 3407 anm

130 3468 216 3511 mare
235 3460 267 3507 et
290 3461 323 3525 5.
350 3465 404 3521 27.
423 3442 499 3510 an
520 3446 632 3533 litore.
664 3446 719 3507 etsi
742 3447 827 3508 idem
846 3443 1052 3525 meridianum
1075 3444 1177 3507 ocea-

130 3568 206 3609 num
228 3548 322 3609 babet
340 3553 373 3617 6.
391 3565 448 3630 35.
466 3547 486 3610 s.
509 3567 567 3625 29.
592 3564 624 3608 et
639 3538 981 3639 septemtrionalem.
1000 3561 1058 3619 27.
1073 3544 1096 3607 1.
1119 3561 1175 3628 ¹3·

128 3649 259 3732 Nempe
281 3654 428 3714 nondum
457 3651 632 3712 invaluerat
658 3649 748 3720 usus,
780 3661 816 3708 ut
838 3667 904 3709 vox
925 3646 1099 3712 Orientaiie
1124 3650 1176 3711 ad·

130 3750 312 3824 biberetur,
347 3756 465 3849 qnippe
491 3773 571 3835 qnae
598 3756 740 3834 primum
768 3752 905 3813 occurrit
931 3751 965 3810 in
991 3749 1116 3813 iustino
1143 3763 1176 3814 et

128 3851 206 3915 hinc
221 3854 254 3915 in
272 3855 352 3916 aliie.
390 3856 496 3939 Quare
514 3856 638 3916 Plinius
656 3854 805 3936 praetulit
824 3868 881 3929 37.
904 3849 995 3915 11.[.
1016 3870 1047 3913 2.
1075 3850 1176 3917 oeae

128 3975 205 4015 nrnn
235 3957 424 4044 exertivnm.
458 3970 491 4018 et
520 3972 574 4033 13.
606 3968 670 4036 43.
696 3956 716 4018 1.
747 3968 801 4031 25.
832 3953 971 4015 Orientis
993 3946 1179 4019 Oceanum..

131 4056 279 4119 Attamen
296 4059 377 4119 dixit
393 4058 480 4119 idem
504 4072 633 4135 15‚77.
652 4058 671 4119 1.
693 4067 750 4137 34.
771 4050 1002 4117 Occidentalis.
1044 4052 1174 4141 Nempe

130 4160 210 4223 adeo
228 4162 415 4225 dominatur
429 4159 530 4237 niue..
554 4161 683 4225 Graecia
695 4160 739 4224 est
752 4156 859 4236 Ἠὥος
875 4154 897 4220 1.
909 4152 1011 4234 'Epioe
1029 4156 1084 4221 vel
1099 4152 1179 4247 πρὶς
