2634 4716
224 412 293 484 ,tu
498 397 660 461 norun
699 398 1001 461 nxncrrrcau
1046 384 1049 389 ’

311 546 586 660 cymbaiorum,
593 572 613 657 )
662 576 839 657 Tamquam
858 573 955 635 huiua
973 572 1194 638 instrumenti
1211 569 1283 635 inni·

233 695 286 745 tua
308 682 343 740 in
366 680 485 761 campis
511 690 544 738 ct
570 677 759 740 nemoribua
785 677 863 738 olim
889 677 1018 737 auditus
1044 673 1153 739 fuerit
1178 677 1282 759 magis,

180 812 184 819 r
234 801 329 868 quam
357 781 493 841 aliorum
520 781 712 842 muiicorum
737 797 949 863 organorum
983 778 1075 840 unda
1105 776 1282 860 repetituri

234 881 586 972 agroaAerhiopiaeg,
609 899 643 961 9.
683 901 707 945 1.
732 894 928 941 cnouomvc
948 879 1027 951 MS.
1084 878 1283 961 Cymbalnrn

233 987 279 1050 0st
295 984 417 1068 siguum
432 980 601 1064 praesentis
620 982 746 1045 Bacchi.
773 1000 990 1044 avnunnuvc
1004 981 1087 1044 MS.
1138 982 1234 1043 Idem
1248 981 1282 1042 da

120 1108 123 1117 ’
158 1150 160 1155 ,
233 1101 325 1152 antro
341 1097 443 1145 narrat
462 1086 495 1144 in
512 1083 693 1156 Britannia,
725 1084 812 1166 quod
829 1083 1052 1163 cymbalorum
1071 1082 1115 1144 ad
1133 1101 1281 1145 numerat

231 1187 305 1275 puli
302 1200 427 1248 atorunr
443 1183 619 1247 ionumf
569 1208 602 1247 re
605 1185 698 1258 f,erat
724 1185 875 1249 Clemens
890 1184 977 1247 tter.
993 1186 1158 1247 stromat.
1182 1186 1238 1248 iib
1252 1184 1280 1249 6.

230 1311 265 1377 p.
286 1287 437 1364 756.cd.
456 1287 542 1351 Pott.
577 1285 745 1371 utsupra.
798 1284 1182 1352 Clamenacauiamiom
1202 1287 1280 1347 iiliur

165 1434 172 1463 ,
231 1390 356 1474 quaerit
372 1389 405 1448 in
422 1401 538 1460 vento,
565 1391 669 1470 quiin
688 1389 892 1473 speluncam
883 1403 981 1449 rrruat
997 1402 1031 1450 ct
1045 1389 1085 1449 in
1103 1385 1204 1450 foffae
1220 1387 1280 1448 finu

230 1493 399 1556 adlidatur.
450 1491 629 1552 Venturum
658 1493 792 1571 quidem
824 1493 982 1572 impetum
1016 1501 1286 1552 commemorant·

230 1589 342 1679 paffim
360 1591 456 1651 etiam
471 1591 541 1662 aiii,
567 1613 622 1673 qur
612 1593 676 1652 de
695 1593 793 1653 antria
809 1590 1005 1673 scripserunt.
1060 1583 1119 1653 Sic
1140 1590 1279 1652 idemne

231 1707 324 1759 antro
346 1691 516 1762 lalandiae,
546 1693 631 1774 quod
654 1707 784 1754 vocatur
806 1693 988 1754 Surtimchie
1013 1690 1033 1754 f.
1059 1695 1150 1774 apud
1169 1693 1278 1755 accon·

232 1792 414 1861 Surtsireilir
429 1790 571 1854 referunt
586 1795 705 1878 Eggert
721 1793 863 1856 Oiaffcnr
880 1809 913 1855 et
927 1794 1044 1856 Biame
1060 1794 1235 1857 Porclient
1248 1796 1277 1855 ia

231 1892 325 1959 nette
342 1894 442 1953 durch
460 1895 563 1956 island
577 1895 619 1957 T.
639 1914 669 1958 r.
691 1915 723 1977 p.
748 1911 815 1970 127
833 1893 896 1977 sqq.
948 1895 1009 1956 Alii
1033 1911 1153 1958 tamen
1172 1897 1276 1958 meliut

231 1997 266 2056 id
291 1996 514 2076 explicandum
536 2008 650 2080 putant
666 2015 705 2056 ex
722 1997 851 2082 ignibus
871 1997 1030 2058 Vulcaniia
1055 1995 1273 2059 irrbterraneit.

232 2099 306 2160 vid.
328 2097 426 2157 Knoii
449 2098 693 2161 unterhaltende
709 2099 987 2160 Natur-Wunder
1003 2100 1045 2160 T.
1064 2116 1099 2162 Ω.
1124 2120 1162 2181 p.
1181 2113 1228 2177 28
1240 2097 1270 2178 iq.

231 2198 289 2259 ubi
312 2199 449 2271 omuino
471 2182 644 2283 exponitur
665 2200 705 2261 da
722 2198 874 2282 specubus
890 2197 1079 2263 innantibus
1095 2215 1131 2265 et
1153 2203 1271 2266 rebuan

229 2299 331 2369 tibur,
359 2297 464 2361 cauiae
480 2304 577 2363 etiam
592 2302 755 2364 adduntur
774 2322 807 2385 p.
824 2313 870 2382 38
886 2299 930 2382 sq.

232 2539 237 2553 ·
307 2504 378 2566 div
389 2501 547 2582 initus)
593 2500 692 2563 Nullo
707 2501 815 2563 labore
832 2515 886 2563 aut
901 2501 1033 2563 artificio
1048 2504 1206 2568 hnmano
1223 2505 1274 2566 issit

229 2604 464 2668 fabricatorum.
516 2601 603 2684 lpse,
631 2603 708 2684 quid
731 2604 888 2685 intelligat
906 2622 963 2683 per
985 2602 1052 2664 hoc
1075 2607 1273 2671 adverbium,
1296 2586 1299 2591 Ι

230 2706 367 2786 explicat
383 2724 439 2786 per
461 2722 558 2765 voces
574 2702 737 2785 sequentes
758 2722 876 2784 magno
889 2695 1046 2792 fragore,
1076 2718 1117 2765 ut
1136 2707 1196 2771 iile
1216 2708 1275 2769 tatu

229 2805 344 2874 fuerit,
375 2807 430 2886 qui
450 2806 543 2887 plane
559 2806 593 2865 in
615 2805 768 2884 cymbalis
789 2796 980 2867 collidenuia
996 2803 1036 2866 ab
1054 2803 1297 2872 hominunm·

229 2906 332 2992 potest
349 2908 421 2969 edi..
441 2924 465 2967 r.
480 2924 681 2984 urrortovrvu
696 2907 774 2969 MS.
826 2905 954 2986 Nempe
970 2919 1114 2978 veteres,
1141 2930 1276 2993 quorum

229 3007 351 3070 causam
369 3006 574 3090 ignorabant,
601 3007 653 3068 vel
669 3008 738 3067 vim
760 3005 851 3068 solito
868 3008 1024 3068 maiorem
1042 3009 1277 3076 animadverte·

230 3109 325 3179 bant,
351 3110 421 3170 Diis
440 3108 639 3179 tribuebant,
665 3121 697 3168 et
714 3108 871 3173 divinitus
888 3109 956 3169 iicri
972 3111 1179 3192 moverique
1199 3126 1277 3197 putr-

228 3210 318 3275 bant.
370 3210 487 3292 Magna
505 3210 592 3270 enim
611 3223 644 3271 et
664 3207 790 3292 augusta
805 3210 838 3269 in
858 3208 1040 3270 divinitatis
1059 3210 1165 3295 lignia
1188 3234 1277 3299 ponc·

229 3311 356 3382 bantur,
378 3311 480 3372 veluti
493 3311 524 3371 in
542 3308 642 3392 ipecia
655 3311 797 3391 corporis
811 3307 936 3372 insolita
949 3323 983 3372 ct
997 3308 1092 3392 supra
1108 3317 1276 3403 vulgarem

229 3415 320 3475 elata.
359 3414 429 3471 Vid.
452 3411 480 3470 ia
501 3412 603 3474 Gerda
625 3412 664 3472 ad
682 3411 792 3495 Virgil.
809 3416 890 3475 rien.
912 3431 942 3482 ι,
962 3424 1051 3491 593·
1079 3429 1117 3487 2·
1140 3432 1229 3499 773·
1248 3429 1275 3479 θ*

230 3533 311 3594 quoa
327 3513 430 3573 iaudat
446 3513 597 3575 Arntzen.
611 3514 650 3573 ati
667 3513 773 3575 Aurel.
791 3513 871 3575 Vict.
887 3511 926 3573 de
943 3514 980 3575 V.
996 3514 1022 3575 1.
1041 3529 1077 3585 Ω,
1100 3533 1165 3596 13.
1199 3520 1274 3582 Hinc

230 3614 345 3676 Noster
363 3628 394 3691 3,
413 3632 447 3692 9,
463 3614 498 3679 6.
520 3613 695 3674 audiuntur
713 3612 810 3674 tibiae
822 3605 980 3703 sonantes
995 3618 1107 3678 maim
1128 3621 1274 3682 hamanis

229 3716 265 3777 in
286 3717 421 3796 campis,
455 3733 535 3797 quoa
558 3716 633 3777 idco
655 3715 782 3778 Panum
809 3714 1063 3799 satyrorumque
1091 3716 1207 3786 [edem
1223 3723 1271 3785 fin

228 3817 357 3903 gebant.

304 4017 630 4102 crepitantium)
687 4017 774 4085 infra
798 4020 874 4086 c.l.
907 4032 1043 4105 crepant
1076 4024 1264 4110 cymbam

227 4133 399 4204 tympana,
425 4122 482 4185 ubi
498 4120 538 4184 cf.
558 4135 676 4187 notata.
