2634 4716
88 348 236 440 aas
391 354 554 431 nomn
593 352 898 421 nxnon'ntoan
1000 338 1003 343 ’

124 536 417 621 commemoratur.
455 535 528 600 vid.
551 532 829 600 Noriliiscenlura
849 530 887 594 in
903 533 1000 597 notae
1016 524 1190 597 Gamerii·

126 630 171 706 ati
187 640 300 704 insert.
316 639 439 727 epistol.
457 640 599 721 synodal.
615 661 647 723 p.
667 646 772 725 ¹,145·
798 637 859 715 (T.
876 650 909 712 3.
924 632 1009 720 opp.
1026 632 1173 715 Naristi)

129 758 163 808 et
185 741 296 807 Caroli
321 765 338 805 a
362 745 395 806 S.
415 743 519 804 Paulo
541 740 661 824 Geog't.
680 738 768 801 sacro
791 760 823 822 p.
842 738 902 818 96.
954 738 1176 818 Municipium

128 844 223 929 addit
237 841 394 908 Antonin.
411 866 444 928 p.
458 865 503 905 m.
521 855 581 923 59.
608 840 735 904 “Plures
749 837 843 903 inille
862 839 1000 924 adparet
1016 860 1057 902 ex
1072 842 1176 903 Anto·

95 986 98 991 -
128 946 230 1019 nino,
258 947 348 1009 etde
366 966 480 1009 earum
496 946 555 1007 situ
573 946 745 1029 exponunt
761 937 920 1004 simlerus
937 956 970 1003 et
983 937 1174 1026 Welleling.

129 1071 163 1134 p.
183 1066 240 1125 97.
264 1064 297 1111 et
315 1050 373 1127 65.
414 1049 519 1111 Shaw
543 1046 583 1108 T.
606 1068 634 1106 1.
657 1066 688 1128 p.
712 1055 796 1123 250.
828 1039 968 1106 coniicit
988 1041 1092 1105 hodie
1113 1043 1177 1106 elie

129 1152 239 1215 Mane
282 1141 364 1241 rest.
402 1169 543 1234 parvum
573 1166 714 1233 pagum,
753 1141 791 1207 in
821 1163 888 1232 quo
921 1143 1178 1230 conspiciuntur

129 1258 269 1336 magnae
292 1249 377 1314 arcio
402 1251 533 1313 rudere.

193 1512 195 1517 2
213 1453 243 1514 T
252 1457 275 1517 li
290 1476 306 1515 e
320 1476 341 1516 n
357 1474 379 1517 o
393 1454 436 1538 e)
485 1448 582 1515 Varie
609 1447 771 1515 scribitur.
820 1450 937 1514 Strabo
959 1467 1013 1529 ι7.
1037 1473 1069 1535 p.
1089 1462 1176 1534 574.

131 1556 154 1620 l.
172 1566 256 1633 334¹.
280 1554 405 1636 Θαίνα,
432 1570 507 1617 ante
527 1576 560 1638 p.
580 1550 805 1632 5723831.
828 1550 931 1634 Θὲνα,
962 1553 1178 1616 Ptolemaeus

130 1666 168 1738 4,
186 1673 218 1734 3.
240 1655 388 1736 eiacum,
414 1657 621 1742 Agathemer.
638 1677 667 1727 1,
684 1667 716 1732 3.
735 1651 834 1739 Oion.
870 1656 921 1716 Ex
940 1652 1068 1717 Latinis
1085 1652 1174 1719 Plin.

132 1770 168 1838 5,
188 1774 219 1835 3.
231 1757 257 1839 Ι.
274 1767 309 1838 4.
330 1758 462 1827 Thenete,
488 1755 538 1818 nti
556 1753 733 1841 aliquoties
751 1752 786 1816 in
803 1752 976 1819 itinerario
993 1754 1176 1832 Antonini3

123 1844 187 1923 ¹[etl
202 1857 358 1942 ignorant
371 1860 436 1921 tab.
453 1853 642 1941 Peutinger.
658 1872 691 1919 et
706 1859 826 1940 Geogr.
842 1858 1027 1921 Ravennae.
1063 1860 1179 1922 Incola

135 1963 353 2023 Thoenicanus
371 1959 408 2021 in
428 1956 562 2041 Grute'ri
586 1957 664 2020 thel.
682 1981 716 2041 p.
735 1960 818 2034 363.
844 1974 878 2021 et
895 1955 982 2021 inter
1005 1956 1178 2044 episcopos

132 2055 302 2155 Pascofius
329 2062 518 2123 Thenitatns
549 2074 753 2121 memoratur
773 2057 810 2121 in
832 2058 953 2123 notitia
974 2091 1020 2106 -
1046 2060 1180 2125 Africae

35 2180 50 2205 .·
132 2186 165 2249 P,
187 2161 326 2239 263.·in
344 2159 513 2226 Sirmondi
536 2163 622 2245 opp.
639 2162 680 2223 T.
702 2185 730 2223 t.
758 2174 830 2223 tum
846 2163 1009 2224 concilium
1029 2162 1180 2226 Thinite-

135 2286 203 2327 mm
226 2263 261 2326 in
279 2262 437 2326 Ferrantli
452 2260 625 2327 Breviario
648 2282 776 2326 canone
795 2278 852 2343 79.
891 2263 1057 2326 Coloniam
1079 2280 1180 2328 vocat

134 2364 307 2450 inscriptio
335 2366 423 2450 apud
455 2367 635 2427 Gruterum
669 2380 702 2427 et
733 2360 894 2426 Antonini
920 2362 1031 2427 itiner.
1059 2388 1092 2449 p.
1119 2380 1178 2446 59.

22 2498 32 2511 ’
64 2488 72 2498 ·
133 2465 379 2549 ACartbagine
399 2464 536 2527 distabat
553 2467 631 2527 urbo
654 2478 738 2550 215.
755 2466 801 2527 M.
825 2466 861 2528 P.
884 2464 1180 2531 anlacomadibue

87 2646 96 2659 ,
136 2581 196 2645 98.
221 2570 274 2629 sna
292 2568 332 2628 ad
344 2564 541 2628 mare-iuxta
557 2563 696 2628 initium
708 2563 849 2627 minoris
865 2564 979 2646 Syrtis.
1007 2569 1180 2651 (Strabo.)

135 2666 258 2738 Hodie.
281 2682 320 2729 ut
337 2669 445 2730 censet
459 2667 563 2730 Shaw
585 2669 624 2728 T.
646 2690 674 2728 1.
696 2688 728 2751 p.
748 2677 832 2749 949.
854 2668 999 2731 Thainee.

214 2868 446 2951 Neapolis)
493 2869 616 2953 Magno
636 2863 694 2931 hic
712 2866 844 2932 struitur
864 2866 1043 2934 difficultas
1062 2892 1102 2935 ex
1121 2892 1179 2935 no·

137 2968 230 3036 mine
247 2987 280 3033 et
299 2973 367 3033 fitu.
405 2972 533 3054 Nempe
556 2971 641 3032 duae
664 2988 966 3036 commemorantur
988 2971 1024 3035 in
1048 2975 1112 3037 hac
1130 2994 1181 3037 re·

138 3072 239 3161 gione
272 3075 371 3135 nrbes
405 3071 621 3156 cognomines
659 3075 719 3136 fitu
759 3071 922 3146 diversae,
957 3076 1095 3156 (Strabo
1125 3092 1198 3153 17.-

138 3199 171 3262 p.
191 3188 275 3254 573.
292 3176 312 3238 l.
332 3186 405 3253 834
422 3176 465 3260 sq.
493 3176 631 3237 Ptolem.
649 3185 685 3255 4,
705 3190 737 3252 3.
760 3180 826 3254 -)
856 3196 940 3262 quae
963 3174 1061 3240 facile
1089 3173 1180 3240 com·
1201 3196 1209 3217 ¹

137 3274 269 3339 misceri
287 3278 431 3361 poliunt,
457 3292 490 3338 et
506 3274 694 3339 commistae
710 3271 811 3337 etiem
824 3273 982 3341 videntur
999 3298 1016 3340 a
1033 3276 1180 3341 Cellario

139 3375 175 3440 in
195 3380 313 3460 Geogr.
337 3392 402 3439 ant.
418 3388 453 3454 4,
472 3393 505 3454 3,
525 3394 557 3453 7.
610 3373 768 3459 Neapolis
786 3373 876 3438 enim
898 3396 1182 3444 commemoratur

139 3476 227 3541 inter
242 3478 482 3539 Hadrumetum
497 3493 530 3539 et
545 3479 717 3560 Clupeam,
741 3477 830 3540 unde
847 3477 1003 3545 traiectus
1021 3499 1091 3545 orat
1106 3484 1179 3545 bre·

139 3577 286 3641 villintue
311 3594 330 3641 2
354 3577 483 3639 dierum
506 3576 658 3641 etunius
685 3576 793 3641 noctis
821 3576 857 3642 in
883 3580 1033 3647 siciliam
1064 3584 1183 3664 (Thu-

17 3696 21 3706 '
142 3677 251 3759 cyelid.
275 3696 309 3752 7,
333 3693 391 3756 50.
414 3676 484 3758 in.)
515 3677 692 3741 lladiornm
719 3701 824 3744 1100.
858 3680 1040 3761 (Antonini
1065 3682 1179 3749 itiner.

140 3804 173 3867 p.
194 3785 299 3862 493.)
349 3783 457 3842 Altero
478 3782 588 3843 verlna
607 3777 728 3860 syrtim
743 3777 923 3858 maiorem,
950 3806 1035 3872 quae
1051 3803 1085 3850 et
1104 3784 1181 3849 Tri·

140 3882 228 3967 polio
247 3897 278 3944 et
296 3879 407 3964 Leptis
423 3903 541 3965 magna
557 3896 696 3944 vocatur
717 3878 752 3944 in
773 3881 866 3947 libris
880 3886 1062 3973 Btolemaei
1084 3900 1120 3971 4,
1145 3904 1178 3967 3.

140 3987 192 4047 De
212 3980 315 4069 priori
335 3980 472 4044 nomine
494 3983 535 4047 el.
559 3980 659 4045 etiam
675 3981 778 4046 Solin.
802 4007 830 4049 c.
847 4002 904 4061 30.
924 3988 943 4051 l.
964 4004 1022 4065 97.
1062 3991 1180 4054 Nostro

141 4085 211 4174 poll
233 4086 347 4168 Leptis
367 4084 483 4148 ultera.
533 4086 623 4149 Male
648 4083 807 4168 Neapolis
828 4096 952 4153 nomen
980 4090 1021 4153 ad
1045 4091 1179 4176 Leptim
