2634 4716
151 426 204 491 ur
230 426 369 491 rouo.
399 429 507 489 uer.
548 429 584 489 r..
605 381 629 488 ι’.
671 370 790 490 orx..
820 419 898 510 et.
987 414 1054 513 tte

130 617 216 667 certe
233 606 274 669 de
290 605 401 677 tentio,
427 603 513 665 unde
534 594 643 667 auctue
664 592 782 668 fluvius
798 606 948 670 exundet.
984 608 1049 673 Seri

112 725 132 769 e
163 706 355 788 quibusdem
387 706 456 771 aliie
488 702 548 784 (cl.
580 705 738 771 Scholiest.
767 706 931 789 Apollonii
953 729 979 771 c.
1004 712 1049 790 l.)

133 807 195 869 hoc
217 808 333 871 addere
352 809 460 879 liceat,
491 808 576 887 quod
592 807 738 901 Aristiglee
754 810 788 870 in
804 807 893 872 Oret.
912 795 1049 896 Aegypt.

127 931 161 994 p.
179 911 263 993 563.
282 908 370 972 lebb.
393 910 530 994 ignorari
548 927 655 971 veram
675 908 797 971 ceulam
813 911 989 982 arbitretur.
1015 927 1050 977 et

112 1030 141 1073 te
159 1012 192 1071 id
209 1012 429 1094 providentiae
446 1008 704 1082 adscribendum,
736 1031 816 1093 qnae
831 1012 959 1094 pluviae
975 1015 1049 1076 loco

112 1126 220 1198 egypto
241 1113 438 1194 providerit;
477 1132 494 1173 e
515 1131 575 1192 quo
600 1109 753 1174 sententie
772 1132 839 1175 uon
860 1115 981 1178 alienus
1004 1114 1048 1178 eil

112 1233 158 1276 ure
183 1227 345 1294 10‚237.
379 1227 413 1275 et
438 1215 586 1276 Irenaeue
610 1228 643 1285 9,
666 1224 727 1294 47.
778 1215 812 1278 Si
833 1219 1049 1280 recentiorum

112 1312 335 1397 elpeetemue,
363 1316 397 1375 in
417 1334 457 1378 eo
476 1315 618 1397 plerique
638 1312 858 1388 consentiunt,
882 1318 916 1379 iri
931 1316 1049 1383 effici·

112 1416 322 1486 tboreelibur.
348 1419 486 1497 quinon
505 1415 606 1477 solum
624 1429 704 1495 actae
720 1417 757 1478 nd
774 1431 902 1481 montet
920 1420 1050 1481 Aethio·
1162 1495 1166 1507 ¹

112 1517 201 1582 tuber
216 1517 374 1580 imbribus
391 1519 615 1600 praecipitent,
642 1515 691 1578 led
707 1532 739 1580 et
754 1516 881 1581 curium
898 1519 966 1581 Nili
982 1538 1052 1582 mo·

112 1624 175 1711 r'et
191 1621 326 1681 merione
347 1638 440 1701 equae
464 1621 497 1680 in
520 1637 596 1679 eum
619 1632 729 1703 egant3
767 1634 939 1703 utrumque
960 1624 1050 1684 enim

112 1721 376 1807 emungentium,
408 1740 482 1782 cum
503 1739 606 1780 unum
628 1733 752 1784 tentum
774 1721 912 1784 minime
936 1723 1050 1786 vetent.

112 1822 263 1886 Waneleb
285 1819 378 1885 lleiie
399 1821 480 1883 nach
503 1824 669 1906 Aegypton
692 1823 832 1904 9166.
853 1825 909 1900 (in
933 1823 1052 1889 Poulue

112 1923 375 2008 tluogen-P.
399 1927 452 2001 3.)
490 1922 758 1986 PocockeTont.
785 1942 814 1987 1.
839 1944 871 2006 p.
895 1946 940 1989 m.
968 1936 1052 2005 .9.3

112 2044 157 2111 ger
171 2023 263 2088 lleile
274 2016 378 2086 durch
394 2024 469 2107 Aeg.
485 2044 517 2106 p.
529 2033 613 2102 394.
634 2024 879 2110 (insentmlung
893 2046 993 2088 neuer
1003 2056 1054 2071 -·

112 2147 141 2197 u.
166 2125 332 2211 Goetting.
360 2139 465 2202 1751.
489 2127 539 2201 8.)
565 2104 739 2206 Maiiietp.
763 2124 889 2207 53iqq.
927 2126 1052 2207 Volney

131 2246 163 2294 t.
185 2246 217 2308 p.
235 2238 294 2308 49.
317 2226 430 2288 etelii.
472 2225 648 2289 continuit
667 2218 999 2308 plu'viieinliabelch
1018 2240 1053 2290 et

112 2330 253 2390 otribuit
267 2327 417 2399 Niebuhr
429 2328 471 2390 T.
487 2347 517 2390 r.
534 2347 566 2409 p.
582 2339 661 2404 ι95.
679 2339 711 2388 et
725 2328 802 2389 elioe
818 2325 1055 2392 consentientee

112 2443 147 2521 tp
162 2431 304 2512 adponit.
336 2425 389 2491 cf.
405 2431 500 2490 etiem
516 2427 605 2490 Lobo
619 2445 744 2513 voyage
764 2423 951 2492 d'llbiffinie
964 2431 1053 2495 TA»
1089 2471 1096 2485 α

112 2542 151 2596 .ι·.
182 2544 215 2594 et
231 2531 269 2593 ed
293 2550 368 2594 eum
390 2529 420 2591 le
438 2529 545 2591 Grrnd
568 2527 634 2590 diii.
654 2543 688 2607 3.
708 2550 740 2610 p.
762 2544 844 2605 271.
894 2531 958 2593 Sed
982 2529 1054 2605 lunt
1079 2532 1083 2537 '

112 2675 133 2705 ,,
157 2634 212 2715 qui
232 2632 343 2694 minue
360 2630 567 2715 probabiliter
581 2632 751 2712 explicent.
804 2631 857 2693 Sic
870 2631 970 2717 vulgo
993 2634 1053 2695 Ae·

112 2735 124 2794 i
139 2753 157 2797 e
170 2752 242 2795 rore
254 2746 379 2816 petunt,
402 2733 489 2796 unde
505 2730 574 2793 Nili
591 2751 670 2813 equa
685 2728 905 2811 fermentetur.
928 2734 1057 2813 (Weut-

112 2879 116 2897 .
136 2836 217 2900 266.
234 2853 261 2897 c.
279 2835 323 2908 l.)
357 2834 544 2897 solertiores
559 2846 684 2916 putent.
709 2853 805 2915 equae
822 2836 947 2916 oopiem
969 2837 1057 2898 illem

112 2953 126 2999 t
145 2937 259 3019 polum
279 2936 429 2997 ercticum
452 2935 581 3004 adtolli,
615 2947 648 2997 et
674 2936 712 2995 ed
734 2934 844 2996 Lunae
866 2947 995 2998 montet
1021 2938 1056 2998 in

112 3037 189 3120 opit
202 3051 340 3100 coactam
356 3037 389 3095 in
407 3036 508 3098 nubet
522 3037 572 3120 egi
586 3049 618 3096 et
634 3036 789 3097 inrbribue
803 3034 907 3097 deiici.
926 3034 1057 3112 (Hauet-

120 3136 214 3202 unte
230 3166 280 3185 -
301 3157 332 3219 p.
356 3141 454 3215 230.)
492 3137 593 3220 Quot
616 3153 655 3196 ex
681 3134 801 3197 nuroto
823 3133 893 3195 utu
920 3136 999 3200 nmo
1022 3136 1057 3198 u
1100 3176 1105 3189 .
1169 3120 1173 3127 “

112 3240 180 3323 qui.
206 3241 240 3301 in
255 3239 405 3321 peculiari
423 3237 503 3299 libro
520 3238 687 3297 incleverat
707 3237 747 3297 de
767 3237 796 3297 le
810 3234 983 3306 chambre.
1009 3257 1059 3301 re·

111 3346 139 3404 it
158 3342 331 3422 Meilietp.
348 3352 407 3417 59.
460 3339 519 3401 llio
541 3356 620 3399 vero
643 3351 804 3420 tempore,
836 3355 900 3419 quo
921 3335 1057 3402 crescere

112 3442 315 3525 iincipiebet,
340 3439 468 3503 solstitio
489 3440 617 3509 aellivo,
639 3439 747 3500 Nilne
743 3437 938 3523 *egebentur
960 3459 1059 3521 quem

112 3562 177 3631 tripu
196 3538 313 3639 ἑορτὴν
340 3543 506 3625 Aegyptiie
538 3536 628 3601 iuiss'e
659 3540 804 3601 adfirmet
828 3538 1033 3604 Heliodor.
1023 3564 1060 3606 ru

112 3648 176 3779 iop.
191 3663 225 3725 9,
247 3663 282 3725 9.
303 3664 337 3727 p.
351 3655 439 3725 493.
471 3656 505 3705 et
529 3641 635 3724 paullo
659 3640 737 3723 poll
768 3633 921 3704 Neriton
946 3637 1059 3729 ἑορτὴν

112 3745 240 3809 Nec
254 3747 352 3810 hodie
370 3744 454 3807 abeli
475 3741 548 3807 lelio
563 3742 712 3806 omniurn
730 3741 863 3814 laetitio,
889 3760 985 3825 quem
1006 3744 1061 3807 de·

112 3861 130 3911 t
145 3847 322 3911 Thereoot
337 3844 454 3909 lleilen
471 3845 513 3909 Τ.
531 3863 563 3909 1.
578 3864 612 3927 p.
630 3856 715 3924 399.

112 4050 222 4114 tiemo
246 4046 400 4132 terris)
448 4047 606 4111 Videlicet
627 4047 710 4117 illie,
744 4045 801 4108 ubi
824 4044 918 4109 Nilus
947 4047 1063 4113 oritur.

128 4151 258 4243 quondo
281 4151 448 4240 Aegyptii·
463 4148 508 4218 eli
525 4149 647 4241 hieme.
680 4149 743 4210 illie
769 4149 860 4214 terrie
886 4147 930 4210 eli
951 4149 1065 4226 noum

681 4252 703 4316 S
731 4264 754 4315 9
