2634 4716
12 480 17 490 Ι
138 406 204 492 40⁶
410 402 573 465 nocta
614 402 920 464 axacarrcaa

139 589 176 649 in
209 582 318 645 numia
349 591 431 644 vett.
465 579 575 641 anecd.
602 598 673 665 pag.
693 588 765 659 233
790 580 851 662 [qq.
886 580 928 641 ad
955 579 1187 665 cognominem

139 686 241 769 Cypri
264 683 379 746 urbem
401 680 538 743 malebat
559 679 690 751 referte,
715 683 786 763 poli
807 685 840 744 in
858 683 961 746 doctr.
987 701 1086 743 num.
1105 682 1142 742 P.
1163 700 1188 746 ι.

138 789 211 852 Vol.
227 800 263 865 3.
285 806 317 867 p.
335 787 394 849 61.
425 803 499 845 cunr
528 782 597 844 aliis
624 781 754 846 Ciliciae
785 784 861 845 huic
887 784 963 844 urbi
996 783 1186 845 vindicarit.

130 889 250 952 'Hodie
289 885 347 948 lec.
382 886 562 948 Ferrarium
593 885 629 948 in
660 884 739 948 Les.
777 885 895 972 Geogr.
930 884 966 951 h.
994 906 1031 950 v.
1070 882 1187 968 Nigda,

138 990 256 1055 Turcia
279 986 434 1071 Nigidio.

505 1257 534 1322 C
560 1257 589 1322 Δ
614 1258 653 1322 Ρ.
705 1252 802 1325 XlV.

335 1432 987 1485 ramanrnts.

241 1602 520 1687 Pamphylia)
570 1604 626 1669 Gr.
649 1606 746 1667 etiam
766 1598 974 1693 Παμφυλία.
1008 1605 1063 1667 An
1082 1603 1186 1667 inla-

138 1707 217 1770 tinia
239 1708 333 1768 etiam
357 1726 414 1787 per
437 1707 448 1765 i
469 1704 634 1776 scribatur,
669 1702 809 1787 disputat
828 1706 984 1768 Cellarius
1009 1709 1046 1767 iu
1071 1707 1184 1791 Geogt.

137 1823 204 1872 ant.
223 1821 256 1885 8,
272 1809 305 1878 6,
326 1822 357 1869 a.
386 1821 419 1869 et
438 1825 497 1888 pro
521 1807 579 1867 hac
597 1804 745 1888 scriptura
765 1805 867 1868 adfert
887 1806 1062 1871 Ciceronis
1084 1828 1184 1870 exem·

137 1911 245 1995 plum,
272 1910 392 1991 lapides
408 1908 492 1990 apud
510 1907 637 1971 Gruter.
657 1928 689 1990 p.
704 1917 790 1987 488.
809 1930 842 1972 n.
859 1906 892 1973 6.
919 1928 952 1990 p.
970 1920 1064 1991 491.
1080 1932 1116 1975 n.
1135 1924 1184 1973 ta.
1221 1902 1223 1907 ¹

137 2026 173 2075 et
189 2012 386 2080 Hieroclem.
414 2010 467 2071 etii
486 2029 525 2071 ex
542 2011 700 2092 plerisque
717 2009 785 2071 aliis
808 2031 828 2088 y
850 2020 949 2072 notat.
987 2012 1098 2074 Recte
1117 2013 1181 2074 hot.

136 2112 305 2177 Ciceronis
324 2112 392 2173 loca
409 2113 497 2173 enim
519 2112 618 2174 hodic
640 2112 795 2173 veriorem
817 2109 1003 2192 scripturam
1019 2114 1182 2181 exhibent.

6 2221 11 2229 '
137 2228 173 2277 et
190 2216 223 2275 iu
242 2214 389 2277 Hierocle
411 2232 481 2297 pag.
501 2214 586 2292 679.
608 2213 672 2274 line
695 2213 879 2274 variationis
903 2213 1028 2275 indicio
1057 2237 1078 2278 υ
1102 2216 1181 2278 dedit

136 2314 381 2398 Wellelingius3
416 2315 455 2375 de
486 2312 646 2397 lapidibus
675 2333 713 2375 ex
742 2315 850 2375 aetatis
877 2315 1003 2377 ratione
1034 2331 1072 2378 et
1100 2334 1182 2379 mors

136 2417 269 2476 iudicari
285 2415 389 2484 debet,
412 2433 507 2495 quare
523 2429 556 2475 et
576 2415 588 2474 i
607 2411 708 2474 fertur
724 2414 886 2498 inGeogr.
904 2417 1058 2481 flascon.
1077 2436 1113 2489 2,
1133 2419 1181 2483 1⁶.
1221 2408 1223 2421 ¹

137 2528 171 2578 et
186 2516 247 2576 tab.
267 2516 417 2596 Peuting.
435 2533 470 2592 9.
487 2514 524 2576 F.
541 2512 687 2576 Accedit
705 2528 827 2595 praeter
842 2518 1023 2599 graviorem
1042 2520 1182 2601 plurium

2 2678 11 2689 ,
138 2618 361 2678 auctoritatem
399 2615 542 2675 nominis
571 2615 782 2699 etymologia,
821 2616 906 2696 quod
937 2636 955 2677 a
989 2618 1182 2704 Pamphyle,

136 2714 250 2780 Rhacii
273 2729 306 2776 et
329 2715 459 2776 Mantus
482 2715 558 2782 filia,
590 2717 726 2795 ducunt,
760 2716 814 2776 vel
834 2737 850 2777 a
869 2717 1069 2798 Pamphylo.
1101 2724 1184 2801 (Ste-

135 2816 260 2902 phanus
282 2816 313 2877 h.
332 2838 364 2876 v.
392 2814 626 2877 et'Eullathius
650 2819 688 2877 ad
712 2817 842 2894 Dionys.
866 2836 899 2881 v.
917 2824 1029 2898 854.)
1086 2827 1184 2888 Antea

137 2909 345 3008 Mopsopium
370 2915 556 2998 adpellatam
576 2915 646 2985 elle,
672 2914 769 2977 tradit
794 2918 918 2982 Plinius
940 2932 975 2997 5,
1002 2926 1069 2989 26.
1087 2926 1108 2987 l.
1128 2945 1184 3006 27.

135 3021 223 3103 quod
247 3020 288 3080 de
306 3021 409 3079 Attica
428 3019 539 3080 notius
559 3016 618 3089 eli,
650 3017 843 3100 alllloplopo
863 3020 996 3101 quidem
1022 3025 1068 3088 fic
1094 3030 1184 3100 dicta,

136 3125 151 3199 (
158 3121 269 3182 Strabo
286 3134 320 3199 9.
343 3140 375 3202 p.
393 3133 477 3197 273.
494 3116 515 3180 s.
535 3122 638 3199 597.)
672 3119 724 3180 vel
743 3139 760 3179 a
785 3120 950 3202 Mopsopia
967 3122 1097 3190 Oceani
1114 3132 1183 3194 lilia.

135 3224 265 3299 (suidas
282 3219 301 3283 l.
320 3242 352 3281 v.
373 3209 580 3306 Εὐφορίων.)
633 3220 694 3281 Hic
726 3234 833 3282 autem
865 3220 999 3305 Mopsus
1034 3235 1184 3305 occurrit,

135 3344 232 3406 quem
248 3322 359 3385 Nollet
374 3318 455 3383 inita
476 3341 505 3391 1,
527 3336 580 3396 17,
596 3337 629 3384 a.
648 3320 776 3383 Mantus
792 3324 893 3384 filium
907 3324 997 3387 dicit.
1028 3332 1082 3393 Ad
1098 3335 1185 3397 hunc

136 3428 241 3494 enim,
276 3443 350 3484 cum
373 3436 406 3485 st
427 3423 507 3483 alius
530 3421 641 3509 fuerit,
669 3423 756 3507 (vid.
777 3425 951 3488 Burmann.
977 3429 1012 3489 iu
1037 3437 1183 3523 catalogo

136 3522 344 3609 Argonautar.
359 3523 391 3586 h.
406 3544 440 3615 a.
466 3525 499 3583 in
519 3523 606 3584 aditu
623 3525 735 3586 Valerii
753 3526 873 3602 Flacci)
897 3524 1111 3597 referendum
1127 3537 1184 3601 ella

134 3627 265 3688 videtur
287 3645 326 3687 ex
353 3623 494 3709 vestigiis
517 3627 659 3687 nominis
682 3640 773 3687 antea
795 3632 1000 3702 memoratis.
1038 3648 1076 3698 et
1098 3639 1184 3721 quod

135 3726 323 3789 Herodotus
338 3740 369 3802 7,
389 3746 449 3811 9¹·
471 3740 583 3796 narrat,
606 3726 811 3808 Pamphylios
826 3725 987 3814 originem
1003 3734 1133 3805 duxilie
1145 3738 1182 3803 ab

135 3830 190 3898 iis,
220 3829 275 3909 qni
299 3847 373 3888 cum
397 3827 614 3909 amphilocho
636 3841 668 3890 et
692 3828 864 3892 Calchante
880 3852 920 3893 ert
934 3834 1082 3901 Troiana
1105 3842 1181 3906 teni·

134 3930 251 4014 pestate
274 3930 396 3990 disiecti
416 3926 550 3998 fuerint.
584 3930 670 4010 quod
692 3950 731 3991 ex
749 3950 788 3993 eo
812 3946 964 4013 repetunt
983 3937 1105 4005 Strabo
1124 3928 1177 4026 Ιι’4.

134 4052 168 4115 p.
188 4041 272 4109 459.
294 4027 315 4090 i.
333 4031 417 4107 668.
452 4042 484 4092 et
508 4028 687 4093 Euliathius
716 4031 756 4093 ad
781 4032 914 4113 Dionys.
937 4056 972 4100 v.
992 4050 1083 4123 884,
1136 4046 1178 4107 ln

136 4120 214 4198 'vcro
236 4127 370 4226 Mopstc
397 4133 508 4219 potius
530 4130 837 4210 communicarit,
875 4122 937 4202 nec
963 4144 1056 4230 apud
1081 4147 1176 4212 aliun
