2634 4716
172 398 224 458 ιιι
253 396 389 474 roma.
419 393 525 453 urar.
566 393 649 451 ιι.
691 390 827 450 carno
864 390 965 462 tn.
1034 360 1132 463 ιη’

56 572 217 657 posteriori
238 585 383 654 tempore
405 569 510 630 dictur
528 565 703 638 est'Erarm
734 580 773 628 ut
785 563 881 631 refert
897 566 1111 634 Constantio}-

57 675 217 756 Porphyr.
234 675 273 736 de
294 670 467 744 administr.
488 672 568 751 imp.
591 687 658 751 cap.
673 678 735 749 45.
787 669 895 731 Hodie
914 674 1102 733 nominatur

57 769 152 868 Fusa,
175 754 239 846 uel,
259 789 296 836 ut
311 775 456 836 adfirmat
468 770 611 849 Chardirr
627 790 654 832 c.
670 771 692 833 l.
726 772 840 837 'Porcio
853 771 1104 841 Faclrs‚accolio
1211 818 1215 823 .

57 877 173 959 Biora.
207 874 257 939 CF.
274 890 307 938 et
322 874 531 937 Giildeniiidt
543 870 658 939 Reisen
676 873 747 935 vot.
769 893 798 937 ι.
819 893 852 956 p.
865 885 937 953 593
953 870 1008 957 sq„
1022 875 1100 937 Rai-

56 999 159 1064 aregga
170 975 296 1040 Beichr.
312 978 368 1040 doc
385 974 541 1041 Caucasus
556 975 595 1037 T.
614 988 648 1039 ι.
664 982 697 1057 p.
715 985 762 1052 35
780 971 823 1055 [q.
939 984 942 991 ⁴

135 1077 359 1160 oppidum)
410 1077 677 1139 Commemorant
701 1075 823 1157 ploret,
849 1076 884 1138 in
907 1077 946 1138 iia
967 1077 1103 1160 stepha*

57 1200 136 1251 ιιιιι,
163 1183 221 1267 qui¹
236 1181 274 1243 aul
291 1181 412 1242 flumen
427 1179 537 1260 pouit,
556 1190 601 1259 ‘ut
617 1177 731 1240 Strabo
749 1197 804 1241 ιι.
826 1197 858 1259 p.
875 1189 957 1258 843.
975 1177 996 1243 f.
1013 1191 1103 1259 498.

56 1282 97 1343 lu
114 1302 166 1344 ora
180 1294 287 1343 autom
303 1282 392 1342 fitam
409 1276 514 1348 iuiffe,
537 1280 665 1359 adparet
678 1295 718 1338 ex
732 1278 858 1355 Scylace
875 1300 907 1362 p.
922 1295 981 1356 32.
997 1277 1109 1353 Hodie

58 1395 92 1444 et
115 1383 301 1445 Ptolemaeo
319 1394 352 1459 5,
375 1400 429 1445 ro.
458 1375 460 1379 ’
481 1380 542 1443 Sed
569 1392 601 1439 et
620 1378 732 1441 Strabo
748 1379 787 1442 ab
802 1400 864 1441 una
889 1364 1006 1462 parte'a
1021 1380 1111 1445 mari

58 1483 148 1568 cingi
168 1481 278 1552 refert,
304 1495 336 1544 et
358 1482 391 1543 iu
405 1472 565 1572 faucibus
575 1474 679 1568 fluvii
699 1482 792 1562 ponit
816 1481 984 1554 Pliniuad,
1001 1494 1037 1563 4.
1061 1478 1115 1547 aff

56 1587 128 1648 eiua
147 1584 223 1653 ostia
244 1584 390 1669 Agathiac
412 1583 468 1643 lib.
492 1603 520 1645 1.
544 1602 575 1662 p
594 1584 653 1659 68.
676 1582 756 1643 Ved.
810 1582 930 1645 Urbem
950 1585 1106 1649 Graecam

57 1699 155 1748 vocat
180 1686 306 1763 Scylax,
326 1699 371 1747 et
391 1706 408 1746 a
430 1682 562 1745 Milesrit
590 1682 754 1744 conditam
783 1681 890 1744 scribit
911 1658 1115 1768 Stephanus.

56 1764 209 1853 Primum
225 1790 320 1849 etiam
337 1786 537 1855 Heniochus,
561 1783 631 1865 post
647 1783 788 1846 Milesios
805 1785 843 1846 ad
860 1784 1000 1848 fluvium
1017 1787 1107 1851 habia
1126 1774 1132 1791 ⁹

57 1886 132 1948 taffo
146 1886 259 1949 diserta
275 1901 378 1948 narrat
394 1872 580 1947 Heraclides
589 1884 746 1945 Ponticus
762 1878 810 1944 de
818 1878 942 1948 Politiia
959 1889 1014 1950 Gr.
1032 1889 1053 1952 s.
1069 1910 1106 1954 v.

57 1988 214 2052 Phariam.
265 1974 478 2056 Decimum,
496 2004 559 2064 quo
579 1983 679 2044 verbo
703 1984 756 2044 hic
777 1987 881 2045 utitur
900 1964 1023 2060 Noster,
1046 2010 1108 2054 no·
1117 1982 1135 1993 ”

58 2103 133 2151 ιιιιιι
150 2088 193 2150 est
214 2089 359 2149 coloniae
378 2085 546 2147 indicium.
579 2081 651 2146 vro.
666 2083 819 2147 Arutzeu.
839 2088 878 2145 ad
894 2087 1001 2152 Aurei.
1018 2093 1107 2155 vict.

58 2191 155 2255 dcv.
172 2191 198 2253 1.
215 2200 248 2266 5,
266 2203 297 2268 5.
332 2188 415 2271 Qub
430 2204 508 2249 vero
524 2183 778 2273 practerMeiam
794 2186 995 2252 conditorem
1011 2170 1121 2259 faciat'
1154 2270 1157 2277 Ι

59 2288 347 2383 Themistagoram,
370 2289 496 2372 ignoro.
537 2286 680 2368 Repetiit
700 2299 808 2346 tamen
825 2308 864 2349 ex
884 2288 969 2351 Mela
988 2293 1106 2358 Bocca-

52 2390 156 2455 ¹tiua'
147 2414 181 2453 ιιι
199 2390 401 2474 Gerrealogiia
418 2390 517 2451 Deor.
541 2400 593 2467 ιδ,
614 2388 672 2462 68.
696 2384 902 2451 Colchorum
920 2392 1112 2476 emporium

58 2492 167 2563 fuiffa,
194 2513 234 2554 ex
252 2492 418 2555 Strabone
431 2486 581 2553 discitur·
624 2486 752 2551 Gentile
775 2488 919 2578 Φασίτῃς
938 2513 1012 2555 cum
1035 2499 1109 2562 alila

60 2594 261 2676 aStephano
283 2607 421 2654 notatur.
461 2591 586 2660 Hodie,
611 2592 697 2671 quod
719 2587 816 2652 refert
838 2593 1046 2661 Raudraodtrt
1068 2601 1106 2663 in

60 2696 194 2759 Ferrarii
210 2695 327 2757 Lexico
343 2695 376 2758 h.
393 2714 427 2754 v.
452 2691 491 2753 ab
507 2691 593 2754 Italia
608 2705 738 2753 vocatur
752 2678 848 2784 Fuso,
864 2715 881 2756 a
899 2692 997 2761 Gallia
1010 2693 1118 2794 Fuso:

58 2810 94 2865 et
109 2797 212 2861 adhuc
225 2795 301 2858 urba
316 2795 359 2859 eit
375 2787 574 2876 amplissima.
618 2794 680 2856 diii
702 2808 815 2875 putam
837 2797 898 2857 dici
915 2799 1122 2893 Polydorum·

61 2897 212 2977 (Oberlin
235 2899 281 2960 ad·
299 2897 430 2958 Vibium
450 2916 481 2977 p.
503 2895 598 2973 166.)
620 2895 673 2956 vel
693 2895 795 2957 Potiti
818 2914 872 2960 aut
889 2899 973 2964 Pori.
999 2903 1107 2980 (Man.

60 3012 134 3062 nert
152 3000 270 3084 Gcogr.
291 3000 364 3061 Vol.
383 3001 416 3063 6.
434 2998 471 3059 P.
488 3014 523 3061 2.
540 3017 571 3078 p.
589 2997 688 3074 560.)

10 3122 15 3129 ·
139 3100 360 3183 templum)
410 3101 461 3163 De
486 3118 525 3160 eo
548 3099 580 3158 in
601 3098 713 3178 primia
735 3097 854 3159 consui-i
875 3102 975 3182 potest
992 3106 1105 3173 Strabo

68 3222 123 3266 ιι.
140 3222 172 3283 p.
191 3199 304 3282 543.i.
316 3211 401 3281 498.
426 3203 481 3281 qui
498 3212 611 3268 narrat,
637 3217 653 3259 a
669 3198 787 3260 Phrixo
803 3200 1007 3268 inhonorem
1024 3211 1108 3272 Lora·

61 3304 196 3366 cotheoe
217 3301 410 3363 exstructum
426 3299 504 3372 effe.
530 3313 563 3362 et
577 3302 646 3361 eiua
662 3301 748 3361 Deae
767 3304 929 3365 oraculum
947 3284 1107 3386 babuiff03

60 3388 131 3487 post
150 3404 341 3465 aPhamaca
362 3418 395 3464 et
410 3401 598 3463 Mithridate
616 3400 780 3464 vastatum.
832 3405 979 3470 Dubitari
997 3425 1108 3476 tamon
1136 3438 1140 3449 ·

61 3504 180 3588 potest,
205 3523 246 3565 an
270 3502 433 3573 itidem,
459 3506 532 3584 quia
550 3502 644 3585 ponit
659 3504 693 3563 in
716 3501 855 3568 Moschia
877 3507 966 3593 supra
987 3513 1108 3578 fluviot

62 3606 177 3670 Pharin
193 3619 226 3667 et
240 3605 374 3682 Cyrum.
426 3603 546 3686 Quodsi
562 3618 669 3664 tamen
687 3606 773 3665 idem
794 3605 871 3677 fuit.
899 3608 1035 3674 succedit
1049 3617 1109 3677 alia

63 3707 242 3778 dubitatio.
279 3726 318 3767 an
346 3718 430 3767 recte
464 3705 518 3766 hic
551 3705 635 3767 Mela
671 3725 921 3773 commemorato
953 3719 1117 3797 potuerit*

64 3806 187 3871 Contra
219 3809 254 3868 in
279 3810 368 3868 aditu
393 3806 536 3869 l'haiidia
561 3808 599 3868 ad
622 3807 769 3869 finistram
795 3810 980 3875 Phasianam
1005 3819 1106 3881 Deam

19 3937 25 3944 ·
65 3908 270 3972 constitutam
293 3906 383 3970 iuiffe
406 3906 502 3968 refert
523 3909 643 3970 drrian.
668 3929 700 3991 p.
716 3927 751 3988 9.
783 3912 866 3992 quod
891 3916 929 3974 ad
951 3920 1110 3999 templum

63 4011 160 4073 etiam
183 4012 343 4092 pertinere
368 4008 480 4092 potest.
533 4007 663 4091 ipsoex
689 4008 790 4094 specie
812 4027 845 4073 et
868 4013 969 4079 torma
996 4019 1110 4087 Rheae

65 4114 199 4174 similem
220 4111 423 4174 existimavit.
458 4111 558 4173 Aliud
573 4105 655 4198 ἱερὸν
674 4110 695 4175 s.
716 4110 826 4175 fanum
843 4136 860 4177 a
876 4116 1009 4193 Phrixo,
1033 4141 1109 4193 curn

64 4212 206 4280 Colcbor
225 4226 360 4298 peteret,
385 4231 486 4299 prope
502 4212 697 4295 Byrautiura
712 4201 804 4281 fuiffc
819 4220 999 4295 conditum.
1024 4243 1110 4290 rom·

975 4360 1244 4424 'e-fflrin.
