2634 4716
54 474 62 481 .
109 476 117 490 ,
206 427 262 491 nt
288 428 427 491 ΡΟΜΡ.
458 428 566 491 im..
607 430 689 489 LI·
733 430 841 494 on.
882 430 962 502 id·
1049 438 1113 510 847

61 590 294 681 &ueniente
308 606 392 688 apud
401 592 606 689 'stephanum
621 603 656 670 h.
668 624 703 668 v.
737 604 775 667 in
791 604 891 669 literia
908 604 1005 675 faerit.
1026 604 1120 689 qood-

62 710 191 771 ·a'r'ottim
204 704 265 779 att,
287 705 390 770 Baeet
404 721 546 772 voratur.
594 709 636 771 in
649 707 816 770 conditore
829 727 897 770 non
912 726 1024 772 omnee
1039 728 1115 770 con·

61 806 232 884 sentiunt,
252 807 310 868 etli
325 809 366 873 de
383 810 593 872 Semiramide
607 807 689 872 fama
702 810 824 894 viguit,
849 811 938 874 unde
952 825 984 873 et
1001 811 1117 872 urbem

66 900 239 998 wenti
248 903 344 998 ἔργον
366 924 462 973 vocat
483 910 633 974 Aristiden
653 912 695 975 T.
723 932 754 973 r.
784 930 817 994 p.
842 928 885 975 αι
893 929 928 991 9.
951 913 1003 974 eti.
1023 909 1116 976 lebb.
1245 950 1249 967 .

61 1010 161 1095 qnod
182 1026 290 1073 nmen
306 1013 345 1072 ad
361 1011 555 1075 Graecorum
572 1028 753 1075 commenta
775 1013 905 1094 qnidam
927 1015 1116 1085 reieeenrnt,

61 1112 108 1176 in
131 1112 246 1195 primia
266 1110 420 1187 Beroiua,
456 1113 635 1178 Ghaidaeua
662 1110 744 1196 ipse,
777 1116 870 1176 onina
897 1115 1117 1177 testimonium

68 1214 223 1299 producit
243 1211 370 1299 loseph.
388 1216 423 1276 in
444 1215 563 1299 Apion.
584 1234 615 1286 a,
634 1230 692 1278 πο.
711 1236 745 1301 Ρ.
759 1224 847 1296 45ι.
864 1216 1001 1280 Haverc.
1055 1214 1119 1276 etti

70 1327 229 1386 auetoree,
253 1316 365 1397 quide
386 1315 485 1381 rebne
505 1315 684 1381 Chaldrieie
709 1328 744 1378 et
764 1316 949 1380 Phoeniciis
966 1315 1118 1396 exposue-

72 1428 169 1488 runt,
202 1417 364 1503 originem
389 1416 480 1480 urbia
513 1417 553 1480 ari
584 1418 758 1482 remotiora
785 1432 930 1501 tempora
962 1416 1117 1488 referunt,

71 1518 342 1601 venditoremque
369 1519 487 1581 inerant
516 1518 651 1590 Belum,
684 1536 826 1601 quorum
848 1534 995 1603 excerpta
1027 1518 1119 1580 dedit

73 1614 231 1683 Eusebio·
252 1619 299 1682 de
314 1636 454 1704 praepar.
478 1612 603 1705 Erang.
620 1638 654 1701 9.
682 1630 737 1702 ¹4·
766 1630 822 1697 ¹5·
849 1635 904 1697 ι7.
934 1632 987 1698 ag.
1005 1635 1037 1682 et
1055 1630 1117 1696 qa.

73 1712 164 1782 Eine
193 1721 369 1804 enpiioatnr
396 1741 415 1784 a
447 1721 614 1785 nonnullie
638 1718 713 1782 Bae
727 1754 739 1771 ·
755 1717 804 1781 bei
827 1722 911 1802 qnafi
940 1723 1008 1783 auia
1033 1718 1116 1785 Beli.

66 1820 180 1902 -Atqoe
192 1841 251 1886 eoa
265 1825 363 1888 etiarn
382 1819 571 1902 ieentiinnt
593 1822 725 1904 quidam
748 1841 788 1885 ex
808 1821 937 1885 Graecia
952 1838 984 1884 et
999 1820 1120 1886 Roma·

67 1922 126 1986 aia
147 1923 340 2005 auetoriboe.
391 1924 479 1987 Hine
495 1922 631 1987 Curtius
649 1933 682 2001 5,
705 1943 735 1994 a,
759 1932 818 2005 ΜΡ.
847 1920 1028 1986 Semiramis
1048 1942 1120 1984 eam

69 2021 276 2097 condiderat,
300 2024 362 2098 oet,
388 2039 427 2087 ret
447 2025 584 2109 plerique
600 2021 764 2094 credidere,
788 2024 892 2096 Beiate,
917 2027 1008 2086 cuins
1030 2023 1119 2105 regia

74 2123 264 2219 ssmditur.
315 2120 509 2209 Babylonem
533 2126 631 2195 adeo,
665 2124 737 2185 Beli
762 2125 881 2197 filium,
915 2126 1119 2189 conditorem

74 2224 151 2289 iacit
168 2225 350 2290 Herennioa
366 2228 450 2310 apud
467 2226 666 2311 Stephanum
681 2224 715 2286 h.
729 2244 763 2290 v.
787 2224 995 2297 Nimrodum‚
1011 2228 1120 2311 gigan·

74 2340 156 2397 rem.
177 2326 307 2391 Orofiue
323 2342 356 2400 a,
373 2331 408 2394 6.
443 2327 568 2392 chron.
590 2321 736 2400 vescente
754 2346 788 2409 Ρ.
809 2338 867 2406 30.
884 2326 964 2389 Ven.
1000 2326 1121 2391 Cedro·

73 2444 142 2492 nuo
162 2450 195 2511 p.
214 2429 366 2507 15.Ven.
394 2428 572 2515 priscorum
591 2426 786 2510 'scriptorum
808 2429 1030 2491 auctoritatem
1053 2426 1120 2492 iiiia
1259 2506 1261 2513 ἲ

74 2528 180 2595 entre
200 2527 311 2595 secuti
362 2531 431 2616 Qui
453 2532 585 2613 quidem
601 2529 779 2592 Nimrodna
793 2527 920 2612 losephi
942 2531 976 2590 in
997 2531 1119 2612 antiqu.

75 2630 152 2695 lod.
171 2651 203 2703 a.
219 2642 255 2711 4,
272 2647 293 2695 a
311 2628 353 2714 iq.
376 2624 556 2721 Νεβρῶδης
584 2630 646 2694 elie
668 2631 815 2701 videtur,
847 2631 899 2692 uti
929 2645 963 2692 et
988 2632 1120 2713 qnidam

74 2733 185 2798 Codri.
201 2733 235 2794 in
254 2733 367 2797 Oroiio
387 2734 499 2820 legunt
519 2730 643 2796 Nebroe
662 2730 684 2795 s.
705 2725 866 2803 Nemee,
895 2733 931 2793 in
952 2752 1017 2814 qno
1033 2733 1066 2796 S.
1084 2732 1119 2797 S.

73 2832 255 2898 Nimrorins
287 2831 382 2898 facile
406 2834 602 2921 agnoscatur.
654 2833 751 2895 Plura
785 2834 874 2895 dabit
904 2833 1051 2897 Perizon.
1077 2832 1121 2898 da

75 2934 204 3022 Origin.
222 2934 379 3015 Babylon.
389 2954 502 3019 eamq.
538 2935 612 3008 Alii,
633 2934 868 2997 utimmirnua
882 2948 940 3012 23.
958 2936 992 2999 6.
1014 2952 1121 2999 arcem

75 3046 206 3100 tantum
227 3055 245 3098 a
266 3036 344 3101 Belo
366 3036 553 3101 exstructam
574 3036 702 3107 volunt,
727 3036 797 3119 poli
815 3034 931 3098 urbem
951 3053 966 3097 a
985 3035 1119 3098 Semira·
1233 3102 1237 3117 ,

75 3138 168 3201 mide
197 3137 356 3209 additam,
393 3140 442 3199 nti
464 3138 595 3223 quidem
617 3138 795 3219 antiquiore
824 3138 966 3221 primurn
991 3124 1143 3209 solebat.¹

75 3238 167 3323 quod
185 3239 302 3300 docent
318 3241 352 3302 in
366 3239 561 3325 Carthagine
574 3229 690 3329 Byrsa,
713 3239 748 3300 in
763 3238 887 3300 Thebia
906 3236 1057 3310 Cadmea,
1082 3238 1119 3299 in

75 3342 184 3405 Roma
199 3339 407 3420 Capitolium.
440 3342 493 3405 ,Et
508 3339 549 3401 lie
564 3338 708 3402 athenia.
741 3340 817 3403 Vid.
833 3340 981 3403 Perizon.
998 3358 1065 3423 cap.
1083 3358 1119 3421 7.

75 3462 111 3526 Ρ.
125 3461 173 3504 ιιι.
187 3458 232 3521 9¹
251 3439 294 3522 iq.
343 3441 452 3507 Poteii
466 3460 545 3505 vero
565 3441 617 3502 ilia
632 3460 687 3503 ara
700 3440 741 3503 ati
755 3454 868 3505 notam
888 3443 1004 3502 turrim
1024 3442 1122 3523 perti·

75 3560 167 3607 nere.
191 3542 290 3605 Belua
306 3556 412 3606 tamen
422 3543 618 3625 Babyloniae
634 3542 769 3630 intelligi
782 3541 888 3613 debet,
906 3561 974 3605 non
988 3543 1120 3623 Tyriae.

75 3644 184 3715 Plura,
215 3645 271 3725 qui
292 3645 332 3705 de
352 3646 401 3708 hie
417 3644 579 3713 deiiderat.
607 3645 754 3708 inveniet
774 3644 858 3728 epod
880 3644 1030 3708 Perizon.
1051 3664 1119 3728 cap.

78 3758 115 3826 5.
131 3761 165 3830 7.
182 3764 210 3810 ο.
225 3747 247 3808 1.
271 3746 399 3810 Salmas.
416 3750 450 3808 in
466 3744 567 3810 Solio.
578 3767 611 3831 Ρ.
621 3764 669 3823 ω.
681 3744 764 3825 866.
791 3746 943 3809 Bochart.
958 3745 993 3807 in
1002 3745 1122 3830 Phaleg

76 3857 116 3929 4,
138 3858 201 3927 14.
222 3847 310 3910 viros
324 3848 438 3915 doctor
452 3847 491 3909 ad
500 3847 653 3932 Curtium
665 3867 693 3909 o.
710 3848 733 3910 l.
759 3847 916 3910 lustinum
929 3864 959 3917 t.
976 3862 1009 3917 o,
1025 3860 1059 3921 7.
1082 3858 1121 3907 ut

75 3950 159 4015 aiio·
173 3961 378 4032 praeteream.
417 3949 482 4014 Sed
498 3948 651 4011 hurbem
667 3946 766 4030 ipsam
781 3949 967 4014 Semiramio
983 3947 1121 4010 minime

74 4049 221 4115 fundate
243 4051 399 4124 credatur,
430 4048 615 4115 instauravit
636 4063 721 4113 eerte
745 4064 779 4114 et
800 4053 940 4120 ornavit,
972 4049 1123 4131 quamrie

73 4165 110 4219 et
125 4152 190 4218 hoo
206 4150 296 4217 Nino
313 4153 407 4218 timui
422 4150 537 4217 tribuit
553 4150 685 4218 orote·
701 4171 732 4218 ea
750 4150 780 4219 i.-
825 4150 990 4217 ‘tribuunt
1013 4162 1126 4215 antem
