<?xml version="1.0" encoding="UTF-8"?>
<!DOCTYPE html PUBLIC "-//W3C//DTD XHTML 1.0 Transitional//EN"
    "http://www.w3.org/TR/xhtml1/DTD/xhtml1-transitional.dtd">
<html xmlns="http://www.w3.org/1999/xhtml" xml:lang="en" lang="en">
 <head>
  <title>
</title>
<meta http-equiv="Content-Type" content="text/html;charset=utf-8" />
  <meta name='ocr-system' content='tesseract 3.04.00' />
  <meta name='ocr-capabilities' content='ocr_page ocr_carea ocr_par ocr_line ocrx_word'/>
</head>
<body>
  <div class='ocr_page' id='page_1' title='image "./desitvorbislibr00melagoog_0281.png"; bbox 0 0 2634 4716; ppageno 0'>
   <div class='ocr_carea' id='block_1_1' title="bbox 229 383 1101 466">
    <p class='ocr_par' dir='ltr' id='par_1_1' title="bbox 229 383 1101 466">
     <span class='ocr_line' id='line_1_1' title="bbox 229 383 1101 466; baseline -0.002 -18"><span class='ocrx_word' id='word_1_1' title='bbox 229 386 360 466; x_wconf 61' lang='grc' dir='ltr'>ιη’</span> <span class='ocrx_word' id='word_1_2' title='bbox 499 383 663 450; x_wconf 76' lang='lat' dir='ltr'>nocta</span> <span class='ocrx_word' id='word_1_3' title='bbox 702 384 1004 463; x_wconf 74' lang='lat' dir='ltr'>aracaarcte</span> <span class='ocrx_word' id='word_1_4' title='bbox 1098 400 1101 405; x_wconf 45' lang='lat'><strong>⁴</strong></span> 
     </span>
    </p>
   </div>
   <div class='ocr_carea' id='block_1_2' title="bbox 181 559 1281 3690">
    <p class='ocr_par' dir='ltr' id='par_1_2' title="bbox 181 559 1281 3690">
     <span class='ocr_line' id='line_1_2' title="bbox 231 559 1280 644; baseline -0.004 -16"><span class='ocrx_word' id='word_1_5' title='bbox 231 566 271 628; x_wconf 90' lang='lat' dir='ltr'>ab</span> <span class='ocrx_word' id='word_1_6' title='bbox 292 564 365 627; x_wconf 84' lang='lat' dir='ltr'>iiaa</span> <span class='ocrx_word' id='word_1_7' title='bbox 388 560 615 644; x_wconf 74' lang='lat' dir='ltr'>septemtrione</span> <span class='ocrx_word' id='word_1_8' title='bbox 634 560 675 621; x_wconf 84' lang='lat' dir='ltr'>ad</span> <span class='ocrx_word' id='word_1_9' title='bbox 692 560 861 624; x_wconf 86' lang='lat' dir='ltr'>meridiem</span> <span class='ocrx_word' id='word_1_10' title='bbox 884 561 1004 632; x_wconf 84' lang='lat' dir='ltr'>nubea.</span> <span class='ocrx_word' id='word_1_11' title='bbox 1030 560 1084 625; x_wconf 87' lang='lat' dir='ltr'>vel</span> <span class='ocrx_word' id='word_1_12' title='bbox 1099 559 1280 625; x_wconf 83' lang='lat' dir='ltr'>retardatua</span> 
     </span>
     <span class='ocr_line' id='line_1_3' title="bbox 231 659 1278 747; baseline -0.008 -17"><span class='ocrx_word' id='word_1_13' title='bbox 231 668 326 730; x_wconf 85' lang='lat' dir='ltr'>fluvii</span> <span class='ocrx_word' id='word_1_14' title='bbox 342 659 507 730; x_wconf 81' lang='lat' dir='ltr'>decursae.</span> <span class='ocrx_word' id='word_1_15' title='bbox 534 661 587 723; x_wconf 84' lang='lat' dir='ltr'>vol</span> <span class='ocrx_word' id='word_1_16' title='bbox 604 661 742 724; x_wconf 87' lang='lat' dir='ltr'>obducta</span> <span class='ocrx_word' id='word_1_17' title='bbox 758 662 845 725; x_wconf 78' lang='lat' dir='ltr'>ostia.</span> <span class='ocrx_word' id='word_1_18' title='bbox 896 663 1013 726; x_wconf 78' lang='lat' dir='ltr'>Etesiae</span> <span class='ocrx_word' id='word_1_19' title='bbox 1027 671 1278 747; x_wconf 69' lang='lat' dir='ltr'>praetexuerant</span> 
     </span>
     <span class='ocr_line' id='line_1_4' title="bbox 231 761 1277 844; baseline -0.005 -13"><span class='ocrx_word' id='word_1_20' title='bbox 231 769 330 831; x_wconf 87' lang='lat' dir='ltr'>etiam</span> <span class='ocrx_word' id='word_1_21' title='bbox 345 764 552 828; x_wconf 72' lang='lat' dir='ltr'>Democritus</span> <span class='ocrx_word' id='word_1_22' title='bbox 567 761 728 832; x_wconf 77' lang='lat' dir='ltr'>Abderita,</span> <span class='ocrx_word' id='word_1_23' title='bbox 754 765 910 841; x_wconf 86' lang='lat' dir='ltr'>(Diodor.</span> <span class='ocrx_word' id='word_1_24' title='bbox 933 784 962 836; x_wconf 85' lang='lat' dir='ltr'>t,</span> <span class='ocrx_word' id='word_1_25' title='bbox 981 778 1040 844; x_wconf 79' lang='lat'>39.</span> <span class='ocrx_word' id='word_1_26' title='bbox 1055 766 1123 841; x_wconf 87' lang='lat' dir='ltr'>in.)</span> <span class='ocrx_word' id='word_1_27' title='bbox 1146 763 1277 826; x_wconf 81' lang='lat' dir='ltr'>Thalea.</span> 
     </span>
     <span class='ocr_line' id='line_1_5' title="bbox 232 863 1277 948; baseline -0.005 -16"><span class='ocrx_word' id='word_1_28' title='bbox 232 871 371 948; x_wconf 87' lang='lat' dir='ltr'>(Seneca</span> <span class='ocrx_word' id='word_1_29' title='bbox 386 886 413 928; x_wconf 94' lang='lat' dir='ltr'>c.</span> <span class='ocrx_word' id='word_1_30' title='bbox 428 866 451 927; x_wconf 94' lang='lat' dir='ltr'>l.</span> <span class='ocrx_word' id='word_1_31' title='bbox 478 863 640 928; x_wconf 78' lang='lat' dir='ltr'>Suboliall.</span> <span class='ocrx_word' id='word_1_32' title='bbox 656 864 864 948; x_wconf 85' lang='lat' dir='ltr'>Apolloniic.</span> <span class='ocrx_word' id='word_1_33' title='bbox 883 867 926 942; x_wconf 92' lang='lat' dir='ltr'>l.)</span> <span class='ocrx_word' id='word_1_34' title='bbox 962 868 1024 928; x_wconf 83' lang='lat' dir='ltr'>Sed</span> <span class='ocrx_word' id='word_1_35' title='bbox 1042 882 1075 929; x_wconf 83' lang='lat' dir='ltr'>et</span> <span class='ocrx_word' id='word_1_36' title='bbox 1088 864 1152 928; x_wconf 90' lang='lat' dir='ltr'>boc</span> <span class='ocrx_word' id='word_1_37' title='bbox 1163 863 1277 927; x_wconf 87' lang='lat' dir='ltr'>salsum</span> 
     </span>
     <span class='ocr_line' id='line_1_6' title="bbox 233 965 1276 1039; baseline -0.005 -7"><span class='ocrx_word' id='word_1_38' title='bbox 233 970 294 1036; x_wconf 87' lang='lat' dir='ltr'>else</span> <span class='ocrx_word' id='word_1_39' title='bbox 310 971 488 1031; x_wconf 86' lang='lat' dir='ltr'>docuerunt</span> <span class='ocrx_word' id='word_1_40' title='bbox 505 965 702 1038; x_wconf 60' lang='lat' dir='ltr'>Herodotum</span> <span class='ocrx_word' id='word_1_41' title='bbox 724 967 852 1035; x_wconf 83' lang='lat' dir='ltr'>Seneca.</span> <span class='ocrx_word' id='word_1_42' title='bbox 876 969 1049 1039; x_wconf 77' lang='lat' dir='ltr'>Diodorus.</span> <span class='ocrx_word' id='word_1_43' title='bbox 1074 967 1228 1030; x_wconf 84' lang='lat' dir='ltr'>Arislidea</span> <span class='ocrx_word' id='word_1_44' title='bbox 1241 966 1276 1027; x_wconf 88' lang='lat' dir='ltr'>iu</span> 
     </span>
     <span class='ocr_line' id='line_1_7' title="bbox 232 1068 1277 1155; baseline -0.002 -24"><span class='ocrx_word' id='word_1_45' title='bbox 232 1073 347 1155; x_wconf 83' lang='lat' dir='ltr'>primis</span> <span class='ocrx_word' id='word_1_46' title='bbox 365 1071 406 1130; x_wconf 88' lang='grc' dir='ltr'>Τ.</span> <span class='ocrx_word' id='word_1_47' title='bbox 427 1084 459 1130; x_wconf 78' lang='lat' dir='ltr'>a.</span> <span class='ocrx_word' id='word_1_48' title='bbox 481 1085 554 1150; x_wconf 78' lang='lat' dir='ltr'>pag.</span> <span class='ocrx_word' id='word_1_49' title='bbox 573 1079 656 1146; x_wconf 76' lang='lat'>332.</span> <span class='ocrx_word' id='word_1_50' title='bbox 680 1069 770 1131; x_wconf 87' lang='lat' dir='ltr'>lebb.</span> <span class='ocrx_word' id='word_1_51' title='bbox 804 1069 891 1151; x_wconf 83' lang='lat' dir='ltr'>quod</span> <span class='ocrx_word' id='word_1_52' title='bbox 917 1090 976 1130; x_wconf 89' lang='lat' dir='ltr'>nec</span> <span class='ocrx_word' id='word_1_53' title='bbox 1003 1071 1090 1133; x_wconf 83' lang='lat' dir='ltr'>idern</span> <span class='ocrx_word' id='word_1_54' title='bbox 1118 1082 1198 1131; x_wconf 91' lang='lat' dir='ltr'>tunc</span> <span class='ocrx_word' id='word_1_55' title='bbox 1221 1068 1277 1129; x_wconf 86' lang='lat' dir='ltr'>alia</span> 
     </span>
     <span class='ocr_line' id='line_1_8' title="bbox 234 1169 1277 1251; baseline -0.001 -19"><span class='ocrx_word' id='word_1_56' title='bbox 234 1173 366 1236; x_wconf 84' lang='lat' dir='ltr'>flumina</span> <span class='ocrx_word' id='word_1_57' title='bbox 383 1171 593 1251; x_wconf 82' lang='lat' dir='ltr'>experiantur,</span> <span class='ocrx_word' id='word_1_58' title='bbox 620 1183 654 1230; x_wconf 91' lang='lat' dir='ltr'>et</span> <span class='ocrx_word' id='word_1_59' title='bbox 674 1170 811 1232; x_wconf 87' lang='lat' dir='ltr'>minime</span> <span class='ocrx_word' id='word_1_60' title='bbox 831 1169 991 1237; x_wconf 77' lang='lat' dir='ltr'>flantibus.</span> <span class='ocrx_word' id='word_1_61' title='bbox 1015 1185 1069 1231; x_wconf 90' lang='lat' dir='ltr'>aut</span> <span class='ocrx_word' id='word_1_62' title='bbox 1088 1169 1277 1233; x_wconf 83' lang='lat' dir='ltr'>cessantibua</span> 
     </span>
     <span class='ocr_line' id='line_1_9' title="bbox 235 1266 1277 1338; baseline -0.003 -6"><span class='ocrx_word' id='word_1_63' title='bbox 235 1273 332 1336; x_wconf 84' lang='lat' dir='ltr'>Nilne</span> <span class='ocrx_word' id='word_1_64' title='bbox 351 1270 474 1332; x_wconf 84' lang='lat' dir='ltr'>crescat.</span> <span class='ocrx_word' id='word_1_65' title='bbox 509 1266 561 1332; x_wconf 84' lang='lat' dir='ltr'>Cs.</span> <span class='ocrx_word' id='word_1_66' title='bbox 578 1266 671 1333; x_wconf 80' lang='lat' dir='ltr'>infra.</span> <span class='ocrx_word' id='word_1_67' title='bbox 720 1272 781 1333; x_wconf 85' lang='lat' dir='ltr'>Sctl</span> <span class='ocrx_word' id='word_1_68' title='bbox 799 1272 874 1335; x_wconf 84' lang='lat' dir='ltr'>aliae</span> <span class='ocrx_word' id='word_1_69' title='bbox 890 1273 942 1333; x_wconf 88' lang='lat' dir='ltr'>alii</span> <span class='ocrx_word' id='word_1_70' title='bbox 963 1271 1067 1336; x_wconf 77' lang='lat' dir='ltr'>causas</span> <span class='ocrx_word' id='word_1_71' title='bbox 1081 1272 1277 1338; x_wconf 84' lang='lat' dir='ltr'>adtulerunt.</span> 
     </span>
     <span class='ocr_line' id='line_1_10' title="bbox 235 1371 1277 1458; baseline -0.003 -23"><span class='ocrx_word' id='word_1_72' title='bbox 235 1394 369 1458; x_wconf 79' lang='lat' dir='ltr'>quarum</span> <span class='ocrx_word' id='word_1_73' title='bbox 388 1373 505 1453; x_wconf 81' lang='lat' dir='ltr'>aliquas</span> <span class='ocrx_word' id='word_1_74' title='bbox 521 1371 663 1434; x_wconf 81' lang='lat' dir='ltr'>brevitet</span> <span class='ocrx_word' id='word_1_75' title='bbox 683 1371 857 1456; x_wconf 76' lang='lat' dir='ltr'>adtingam.</span> <span class='ocrx_word' id='word_1_76' title='bbox 896 1375 950 1436; x_wconf 83' lang='lat' dir='ltr'>sic</span> <span class='ocrx_word' id='word_1_77' title='bbox 978 1371 1012 1455; x_wconf 82' lang='lat' dir='ltr'>t)</span> <span class='ocrx_word' id='word_1_78' title='bbox 1034 1374 1120 1436; x_wconf 76' lang='lat' dir='ltr'>calor</span> <span class='ocrx_word' id='word_1_79' title='bbox 1136 1392 1195 1456; x_wconf 85' lang='lat' dir='ltr'>per</span> <span class='ocrx_word' id='word_1_80' title='bbox 1213 1372 1277 1433; x_wconf 88' lang='lat' dir='ltr'>bie·</span> 
     </span>
     <span class='ocr_line' id='line_1_11' title="bbox 236 1471 1278 1557; baseline -0.002 -18"><span class='ocrx_word' id='word_1_81' title='bbox 236 1494 325 1539; x_wconf 87' lang='lat' dir='ltr'>mem</span> <span class='ocrx_word' id='word_1_82' title='bbox 345 1487 425 1535; x_wconf 88' lang='lat' dir='ltr'>terra</span> <span class='ocrx_word' id='word_1_83' title='bbox 440 1471 622 1542; x_wconf 74' lang='lat' dir='ltr'>conclusus.</span> <span class='ocrx_word' id='word_1_84' title='bbox 648 1473 737 1534; x_wconf 90' lang='lat' dir='ltr'>unde</span> <span class='ocrx_word' id='word_1_85' title='bbox 760 1493 861 1537; x_wconf 86' lang='lat' dir='ltr'>vanae</span> <span class='ocrx_word' id='word_1_86' title='bbox 882 1476 1093 1545; x_wconf 75' lang='lat' dir='ltr'>exsiccentur,</span> <span class='ocrx_word' id='word_1_87' title='bbox 1119 1475 1209 1557; x_wconf 86' lang='lat' dir='ltr'>quod</span> <span class='ocrx_word' id='word_1_88' title='bbox 1227 1473 1278 1537; x_wconf 65' lang='lat' dir='ltr'>sle</span> 
     </span>
     <span class='ocr_line' id='line_1_12' title="bbox 237 1570 1277 1656; baseline 0.002 -22"><span class='ocrx_word' id='word_1_89' title='bbox 237 1577 301 1641; x_wconf 86' lang='lat' dir='ltr'>tuit</span> <span class='ocrx_word' id='word_1_90' title='bbox 321 1574 526 1656; x_wconf 85' lang='lat' dir='ltr'>Oenopides‚</span> <span class='ocrx_word' id='word_1_91' title='bbox 558 1570 648 1635; x_wconf 77' lang='lat' dir='ltr'>facile</span> <span class='ocrx_word' id='word_1_92' title='bbox 670 1574 846 1638; x_wconf 83' lang='lat' dir='ltr'>aDiotloro</span> <span class='ocrx_word' id='word_1_93' title='bbox 867 1591 900 1637; x_wconf 86' lang='lat' dir='ltr'>ot</span> <span class='ocrx_word' id='word_1_94' title='bbox 917 1578 1037 1640; x_wconf 85' lang='lat' dir='ltr'>Seneca</span> <span class='ocrx_word' id='word_1_95' title='bbox 1051 1596 1079 1638; x_wconf 89' lang='lat' dir='ltr'>c.</span> <span class='ocrx_word' id='word_1_96' title='bbox 1096 1595 1124 1639; x_wconf 91' lang='lat' dir='ltr'>c.</span> <span class='ocrx_word' id='word_1_97' title='bbox 1146 1576 1168 1637; x_wconf 93' lang='lat' dir='ltr'>l.</span> <span class='ocrx_word' id='word_1_98' title='bbox 1184 1575 1206 1637; x_wconf 93' lang='lat' dir='ltr'>l.</span> <span class='ocrx_word' id='word_1_99' title='bbox 1227 1594 1277 1637; x_wconf 85' lang='lat' dir='ltr'>ex·</span> 
     </span>
     <span class='ocr_line' id='line_1_13' title="bbox 236 1673 1277 1762; baseline 0 -25"><span class='ocrx_word' id='word_1_100' title='bbox 236 1673 355 1762; x_wconf 82' lang='lat' dir='ltr'>plostra.</span> <span class='ocrx_word' id='word_1_101' title='bbox 399 1674 434 1757; x_wconf 80' lang='lat' dir='ltr'>u)</span> <span class='ocrx_word' id='word_1_102' title='bbox 458 1675 554 1735; x_wconf 87' lang='lat' dir='ltr'>Terra</span> <span class='ocrx_word' id='word_1_103' title='bbox 565 1676 704 1759; x_wconf 69' lang='lat' dir='ltr'>Aegypti</span> <span class='ocrx_word' id='word_1_104' title='bbox 720 1675 890 1759; x_wconf 80' lang='lat' dir='ltr'>pumicosa,</span> <span class='ocrx_word' id='word_1_105' title='bbox 907 1694 986 1758; x_wconf 87' lang='lat' dir='ltr'>quae</span> <span class='ocrx_word' id='word_1_106' title='bbox 1002 1678 1156 1740; x_wconf 84' lang='lat' dir='ltr'>humorea</span> <span class='ocrx_word' id='word_1_107' title='bbox 1171 1676 1277 1738; x_wconf 79' lang='lat' dir='ltr'>blame</span> 
     </span>
     <span class='ocr_line' id='line_1_14' title="bbox 238 1775 1279 1860; baseline -0.006 -17"><span class='ocrx_word' id='word_1_108' title='bbox 238 1777 421 1843; x_wconf 76' lang='lat' dir='ltr'>constrictos</span> <span class='ocrx_word' id='word_1_109' title='bbox 437 1795 494 1858; x_wconf 86' lang='lat' dir='ltr'>per</span> <span class='ocrx_word' id='word_1_110' title='bbox 508 1775 653 1837; x_wconf 84' lang='lat' dir='ltr'>aestatem</span> <span class='ocrx_word' id='word_1_111' title='bbox 667 1776 788 1848; x_wconf 84' lang='lat' dir='ltr'>reddat,</span> <span class='ocrx_word' id='word_1_112' title='bbox 811 1798 890 1859; x_wconf 87' lang='lat' dir='ltr'>quae</span> <span class='ocrx_word' id='word_1_113' title='bbox 911 1776 973 1839; x_wconf 83' lang='lat' dir='ltr'>luit</span> <span class='ocrx_word' id='word_1_114' title='bbox 990 1777 1142 1843; x_wconf 82' lang='lat' dir='ltr'>sententia</span> <span class='ocrx_word' id='word_1_115' title='bbox 1156 1777 1279 1860; x_wconf 87' lang='lat' dir='ltr'>Ephori</span> 
     </span>
     <span class='ocr_line' id='line_1_15' title="bbox 239 1864 1278 1964; baseline 0 -24"><span class='ocrx_word' id='word_1_116' title='bbox 239 1876 294 1958; x_wconf 90' lang='lat' dir='ltr'>(cs.</span> <span class='ocrx_word' id='word_1_117' title='bbox 309 1881 406 1940; x_wconf 88' lang='lat' dir='ltr'>etiam</span> <span class='ocrx_word' id='word_1_118' title='bbox 421 1876 528 1939; x_wconf 78' lang='lat' dir='ltr'>schol.</span> <span class='ocrx_word' id='word_1_119' title='bbox 543 1876 707 1958; x_wconf 89' lang='lat' dir='ltr'>Apollonii</span> <span class='ocrx_word' id='word_1_120' title='bbox 723 1897 751 1939; x_wconf 87' lang='lat' dir='ltr'>o.</span> <span class='ocrx_word' id='word_1_121' title='bbox 768 1877 805 1955; x_wconf 84' lang='lat' dir='ltr'>l.)</span> <span class='ocrx_word' id='word_1_122' title='bbox 827 1880 1005 1942; x_wconf 83' lang='lat' dir='ltr'>aDiodoro</span> <span class='ocrx_word' id='word_1_123' title='bbox 1024 1864 1064 1951; x_wconf 65' lang='grc' dir='ltr'><strong>ι.</strong></span> <span class='ocrx_word' id='word_1_124' title='bbox 1076 1892 1136 1961; x_wconf 81' lang='lat'>39.</span> <span class='ocrx_word' id='word_1_125' title='bbox 1160 1881 1278 1964; x_wconf 85' lang='lat' dir='ltr'>impro-</span> 
     </span>
     <span class='ocr_line' id='line_1_16' title="bbox 239 1962 1278 2065; baseline 0.002 -23"><span class='ocrx_word' id='word_1_126' title='bbox 239 1980 321 2051; x_wconf 85' lang='lat' dir='ltr'>bata,</span> <span class='ocrx_word' id='word_1_127' title='bbox 349 1994 510 2059; x_wconf 85' lang='lat' dir='ltr'>tamquam</span> <span class='ocrx_word' id='word_1_128' title='bbox 535 1962 665 2040; x_wconf 82' lang='lat' dir='ltr'>adversa</span> <span class='ocrx_word' id='word_1_129' title='bbox 690 1974 755 2040; x_wconf 84' lang='lat' dir='ltr'>solo</span> <span class='ocrx_word' id='word_1_130' title='bbox 777 1979 916 2065; x_wconf 79' lang='lat' dir='ltr'>Aegypti</span> <span class='ocrx_word' id='word_1_131' title='bbox 941 1994 974 2041; x_wconf 89' lang='lat' dir='ltr'>et</span> <span class='ocrx_word' id='word_1_132' title='bbox 1000 1985 1034 2043; x_wconf 92' lang='lat' dir='ltr'>in</span> <span class='ocrx_word' id='word_1_133' title='bbox 1059 1983 1172 2064; x_wconf 86' lang='lat' dir='ltr'>primia</span> <span class='ocrx_word' id='word_1_134' title='bbox 1198 1981 1278 2052; x_wconf 83' lang='lat' dir='ltr'>loco.</span> 
     </span>
     <span class='ocr_line' id='line_1_17' title="bbox 241 2077 1278 2162; baseline 0.002 -18"><span class='ocrx_word' id='word_1_135' title='bbox 241 2082 328 2144; x_wconf 86' lang='lat' dir='ltr'>unde</span> <span class='ocrx_word' id='word_1_136' title='bbox 344 2078 418 2141; x_wconf 83' lang='lat' dir='ltr'>sona</span> <span class='ocrx_word' id='word_1_137' title='bbox 431 2080 548 2142; x_wconf 87' lang='lat' dir='ltr'>editur.</span> <span class='ocrx_word' id='word_1_138' title='bbox 598 2077 635 2162; x_wconf 90' lang='grc'>3)</span> <span class='ocrx_word' id='word_1_139' title='bbox 661 2078 780 2142; x_wconf 84' lang='lat' dir='ltr'>Oceani</span> <span class='ocrx_word' id='word_1_140' title='bbox 802 2082 835 2142; x_wconf 88' lang='lat' dir='ltr'>in</span> <span class='ocrx_word' id='word_1_141' title='bbox 851 2082 964 2143; x_wconf 87' lang='lat' dir='ltr'>Nilum</span> <span class='ocrx_word' id='word_1_142' title='bbox 978 2083 1130 2155; x_wconf 83' lang='lat' dir='ltr'>influxua,</span> <span class='ocrx_word' id='word_1_143' title='bbox 1156 2084 1206 2146; x_wconf 91' lang='lat' dir='ltr'>uti</span> <span class='ocrx_word' id='word_1_144' title='bbox 1227 2100 1278 2146; x_wconf 80' lang='lat' dir='ltr'>vo·</span> 
     </span>
     <span class='ocr_line' id='line_1_18' title="bbox 239 2180 1278 2264; baseline 0.001 -19"><span class='ocrx_word' id='word_1_145' title='bbox 239 2184 302 2245; x_wconf 91' lang='lat' dir='ltr'>luit</span> <span class='ocrx_word' id='word_1_146' title='bbox 319 2182 526 2245; x_wconf 87' lang='lat' dir='ltr'>Democritua</span> <span class='ocrx_word' id='word_1_147' title='bbox 546 2180 674 2258; x_wconf 82' lang='lat' dir='ltr'>(Schol.</span> <span class='ocrx_word' id='word_1_148' title='bbox 692 2183 840 2263; x_wconf 88' lang='lat' dir='ltr'>Apollon.</span> <span class='ocrx_word' id='word_1_149' title='bbox 857 2203 884 2245; x_wconf 88' lang='lat' dir='ltr'>c.</span> <span class='ocrx_word' id='word_1_150' title='bbox 901 2183 945 2261; x_wconf 91' lang='lat' dir='ltr'>l.)</span> <span class='ocrx_word' id='word_1_151' title='bbox 970 2197 1003 2244; x_wconf 86' lang='lat' dir='ltr'>et</span> <span class='ocrx_word' id='word_1_152' title='bbox 1018 2186 1104 2264; x_wconf 87' lang='lat' dir='ltr'>quod</span> <span class='ocrx_word' id='word_1_153' title='bbox 1122 2205 1163 2248; x_wconf 84' lang='lat' dir='ltr'>ex</span> <span class='ocrx_word' id='word_1_154' title='bbox 1179 2185 1278 2247; x_wconf 82' lang='lat' dir='ltr'>Hero·</span> 
     </span>
     <span class='ocr_line' id='line_1_19' title="bbox 181 2282 1278 2372; baseline 0 -24"><span class='ocrx_word' id='word_1_155' title='bbox 181 2304 184 2309; x_wconf 89' lang='grc'><strong><em>·</em></strong></span> <span class='ocrx_word' id='word_1_156' title='bbox 239 2285 310 2348; x_wconf 87' lang='lat' dir='ltr'>tloti</span> <span class='ocrx_word' id='word_1_157' title='bbox 325 2282 524 2367; x_wconf 78' lang='lat' dir='ltr'>castigatione</span> <span class='ocrx_word' id='word_1_158' title='bbox 541 2282 651 2343; x_wconf 82' lang='lat' dir='ltr'>acriori</span> <span class='ocrx_word' id='word_1_159' title='bbox 671 2301 701 2351; x_wconf 80' lang='lat' dir='ltr'>u,</span> <span class='ocrx_word' id='word_1_160' title='bbox 721 2297 779 2346; x_wconf 72' lang='grc' dir='ltr'><strong>αι.</strong></span> <span class='ocrx_word' id='word_1_161' title='bbox 803 2285 932 2347; x_wconf 84' lang='lat' dir='ltr'>videtur</span> <span class='ocrx_word' id='word_1_162' title='bbox 946 2285 1080 2372; x_wconf 76' lang='lat' dir='ltr'>intelligi</span> <span class='ocrx_word' id='word_1_163' title='bbox 1094 2285 1191 2368; x_wconf 77' lang='lat' dir='ltr'>polle.</span> <span class='ocrx_word' id='word_1_164' title='bbox 1216 2285 1278 2348; x_wconf 91' lang='lat' dir='ltr'>alii.</span> 
     </span>
     <span class='ocr_line' id='line_1_20' title="bbox 240 2380 1278 2470; baseline 0.005 -25"><span class='ocrx_word' id='word_1_165' title='bbox 240 2381 281 2469; x_wconf 67' lang='grc'>4)</span> <span class='ocrx_word' id='word_1_166' title='bbox 306 2380 374 2445; x_wconf 90' lang='lat' dir='ltr'>Nili</span> <span class='ocrx_word' id='word_1_167' title='bbox 398 2396 486 2446; x_wconf 84' lang='lat' dir='ltr'>ortua</span> <span class='ocrx_word' id='word_1_168' title='bbox 503 2402 542 2444; x_wconf 79' lang='lat' dir='ltr'>ex</span> <span class='ocrx_word' id='word_1_169' title='bbox 563 2381 703 2464; x_wconf 82' lang='lat' dir='ltr'>obposita</span> <span class='ocrx_word' id='word_1_170' title='bbox 718 2397 817 2447; x_wconf 84' lang='lat' dir='ltr'>terrae</span> <span class='ocrx_word' id='word_1_171' title='bbox 830 2384 938 2470; x_wconf 76' lang='lat' dir='ltr'>plaga,</span> <span class='ocrx_word' id='word_1_172' title='bbox 965 2388 998 2448; x_wconf 90' lang='lat' dir='ltr'>iu</span> <span class='ocrx_word' id='word_1_173' title='bbox 1014 2406 1111 2470; x_wconf 83' lang='lat' dir='ltr'>quam</span> <span class='ocrx_word' id='word_1_174' title='bbox 1127 2388 1278 2451; x_wconf 69' lang='lat' dir='ltr'>hiemale·</span> 
     </span>
     <span class='ocr_line' id='line_1_21' title="bbox 239 2483 1280 2574; baseline 0 -25"><span class='ocrx_word' id='word_1_175' title='bbox 239 2485 360 2549; x_wconf 79' lang='lat' dir='ltr'>imbreo</span> <span class='ocrx_word' id='word_1_176' title='bbox 375 2496 452 2546; x_wconf 85' lang='lat' dir='ltr'>tunc</span> <span class='ocrx_word' id='word_1_177' title='bbox 468 2483 665 2555; x_wconf 84' lang='lat' dir='ltr'>deiiciantur,</span> <span class='ocrx_word' id='word_1_178' title='bbox 687 2486 805 2566; x_wconf 87' lang='lat' dir='ltr'>quibua</span> <span class='ocrx_word' id='word_1_179' title='bbox 820 2486 1019 2553; x_wconf 82' lang='lat' dir='ltr'>intumescat.</span> <span class='ocrx_word' id='word_1_180' title='bbox 1055 2490 1164 2574; x_wconf 86' lang='lat' dir='ltr'>Quam</span> <span class='ocrx_word' id='word_1_181' title='bbox 1180 2489 1280 2551; x_wconf 84' lang='lat' dir='ltr'>Mem·</span> 
     </span>
     <span class='ocr_line' id='line_1_22' title="bbox 240 2581 1279 2676; baseline 0.003 -28"><span class='ocrx_word' id='word_1_182' title='bbox 240 2586 437 2670; x_wconf 85' lang='lat' dir='ltr'>pbiticururu</span> <span class='ocrx_word' id='word_1_183' title='bbox 462 2581 724 2667; x_wconf 87' lang='lat' dir='ltr'>philosophorum</span> <span class='ocrx_word' id='word_1_184' title='bbox 750 2588 941 2669; x_wconf 86' lang='lat' dir='ltr'>opinionem</span> <span class='ocrx_word' id='word_1_185' title='bbox 965 2589 1105 2676; x_wconf 82' lang='lat' dir='ltr'>adtingit</span> <span class='ocrx_word' id='word_1_186' title='bbox 1127 2591 1226 2654; x_wconf 82' lang='lat' dir='ltr'>etiam</span> <span class='ocrx_word' id='word_1_187' title='bbox 1247 2590 1279 2651; x_wconf 91' lang='lat' dir='ltr'>in</span> 
     </span>
     <span class='ocr_line' id='line_1_23' title="bbox 241 2683 1281 2773; baseline 0.007 -25"><span class='ocrx_word' id='word_1_188' title='bbox 241 2683 446 2769; x_wconf 82' lang='lat' dir='ltr'>sequentibut</span> <span class='ocrx_word' id='word_1_189' title='bbox 463 2683 549 2745; x_wconf 84' lang='lat' dir='ltr'>Mela</span> <span class='ocrx_word' id='word_1_190' title='bbox 568 2698 602 2745; x_wconf 91' lang='lat' dir='ltr'>et</span> <span class='ocrx_word' id='word_1_191' title='bbox 619 2685 735 2748; x_wconf 84' lang='lat' dir='ltr'>refutat</span> <span class='ocrx_word' id='word_1_192' title='bbox 751 2690 916 2752; x_wconf 75' lang='lat' dir='ltr'>Diodorus</span> <span class='ocrx_word' id='word_1_193' title='bbox 934 2710 965 2763; x_wconf 82' lang='lat' dir='ltr'>a,</span> <span class='ocrx_word' id='word_1_194' title='bbox 986 2702 1048 2773; x_wconf 79' lang='grc' dir='ltr'>4ο.</span> <span class='ocrx_word' id='word_1_195' title='bbox 1088 2693 1144 2755; x_wconf 84' lang='lat' dir='ltr'>Sic</span> <span class='ocrx_word' id='word_1_196' title='bbox 1164 2693 1204 2758; x_wconf 85' lang='lat' dir='ltr'>ab</span> <span class='ocrx_word' id='word_1_197' title='bbox 1220 2692 1281 2756; x_wconf 87' lang='lat' dir='ltr'>An·</span> 
     </span>
     <span class='ocr_line' id='line_1_24' title="bbox 242 2784 1280 2876; baseline 0.008 -27"><span class='ocrx_word' id='word_1_198' title='bbox 242 2789 344 2851; x_wconf 80' lang='lat' dir='ltr'>tuccia</span> <span class='ocrx_word' id='word_1_199' title='bbox 365 2784 503 2847; x_wconf 83' lang='lat' dir='ltr'>adfluere</span> <span class='ocrx_word' id='word_1_200' title='bbox 522 2786 656 2847; x_wconf 78' lang='lat' dir='ltr'>credidit</span> <span class='ocrx_word' id='word_1_201' title='bbox 677 2790 774 2850; x_wconf 84' lang='lat' dir='ltr'>etiam</span> <span class='ocrx_word' id='word_1_202' title='bbox 796 2788 978 2876; x_wconf 74' lang='lat' dir='ltr'>Nicagorat.</span> <span class='ocrx_word' id='word_1_203' title='bbox 1031 2790 1069 2876; x_wconf 83' lang='lat'>5)</span> <span class='ocrx_word' id='word_1_204' title='bbox 1094 2793 1280 2871; x_wconf 74' lang='lat' dir='ltr'>crebrioree</span> 
     </span>
     <span class='ocr_line' id='line_1_25' title="bbox 242 2886 1280 2981; baseline 0.013 -29"><span class='ocrx_word' id='word_1_205' title='bbox 242 2902 277 2952; x_wconf 90' lang='lat' dir='ltr'>et</span> <span class='ocrx_word' id='word_1_206' title='bbox 298 2888 449 2975; x_wconf 73' lang='lat' dir='ltr'>largiores</span> <span class='ocrx_word' id='word_1_207' title='bbox 478 2886 604 2968; x_wconf 79' lang='lat' dir='ltr'>pluviae</span> <span class='ocrx_word' id='word_1_208' title='bbox 630 2889 665 2948; x_wconf 90' lang='lat' dir='ltr'>iu</span> <span class='ocrx_word' id='word_1_209' title='bbox 686 2888 855 2972; x_wconf 78' lang='lat' dir='ltr'>Aethiopia</span> <span class='ocrx_word' id='word_1_210' title='bbox 883 2912 942 2975; x_wconf 88' lang='lat' dir='ltr'>per</span> <span class='ocrx_word' id='word_1_211' title='bbox 961 2893 1107 2958; x_wconf 83' lang='lat' dir='ltr'>aestatem</span> <span class='ocrx_word' id='word_1_212' title='bbox 1129 2894 1280 2981; x_wconf 74' lang='lat' dir='ltr'>delapsae.</span> 
     </span>
     <span class='ocr_line' id='line_1_26' title="bbox 240 2986 1280 3078; baseline 0.009 -29"><span class='ocrx_word' id='word_1_213' title='bbox 240 3007 337 3074; x_wconf 80' lang='lat' dir='ltr'>quam</span> <span class='ocrx_word' id='word_1_214' title='bbox 369 3007 477 3050; x_wconf 84' lang='lat' dir='ltr'>veram</span> <span class='ocrx_word' id='word_1_215' title='bbox 504 2986 624 3050; x_wconf 66' lang='lat' dir='ltr'>cuasam</span> <span class='ocrx_word' id='word_1_216' title='bbox 650 2989 689 3050; x_wconf 89' lang='lat' dir='ltr'>ab</span> <span class='ocrx_word' id='word_1_217' title='bbox 719 2990 963 3075; x_wconf 70' lang='lat' dir='ltr'>Agatharchide]</span> <span class='ocrx_word' id='word_1_218' title='bbox 980 2997 1136 3078; x_wconf 84' lang='lat' dir='ltr'>prolatam</span> <span class='ocrx_word' id='word_1_219' title='bbox 1161 2998 1280 3063; x_wconf 82' lang='lat' dir='ltr'>iudicat</span> 
     </span>
     <span class='ocr_line' id='line_1_27' title="bbox 241 3080 1279 3171; baseline 0.007 -14"><span class='ocrx_word' id='word_1_220' title='bbox 241 3091 380 3157; x_wconf 87' lang='lat' dir='ltr'>Diodor.</span> <span class='ocrx_word' id='word_1_221' title='bbox 395 3100 494 3170; x_wconf 48' lang='grc' dir='ltr'><strong>ιαμ.</strong></span> <span class='ocrx_word' id='word_1_222' title='bbox 517 3086 755 3164; x_wconf 86' lang='lat' dir='ltr'>Adsentiuntur‚</span> <span class='ocrx_word' id='word_1_223' title='bbox 772 3095 900 3160; x_wconf 86' lang='lat' dir='ltr'>idoneia</span> <span class='ocrx_word' id='word_1_224' title='bbox 915 3080 1150 3171; x_wconf 65' lang='lat' dir='ltr'>testibusmoti.</span> <span class='ocrx_word' id='word_1_225' title='bbox 1165 3098 1279 3163; x_wconf 75' lang='lat' dir='ltr'>strabo</span> 
     </span>
     <span class='ocr_line' id='line_1_28' title="bbox 242 3188 1278 3276; baseline 0.017 -27"><span class='ocrx_word' id='word_1_226' title='bbox 242 3209 303 3270; x_wconf 64' lang='grc' dir='ltr'><strong>η.</strong></span> <span class='ocrx_word' id='word_1_227' title='bbox 322 3213 354 3276; x_wconf 84' lang='lat' dir='ltr'>p.</span> <span class='ocrx_word' id='word_1_228' title='bbox 374 3203 458 3272; x_wconf 72' lang='lat'>545.</span> <span class='ocrx_word' id='word_1_229' title='bbox 475 3188 596 3271; x_wconf 79' lang='lat' dir='ltr'>s..739.</span> <span class='ocrx_word' id='word_1_230' title='bbox 628 3208 662 3255; x_wconf 88' lang='lat' dir='ltr'>et</span> <span class='ocrx_word' id='word_1_231' title='bbox 681 3213 761 3276; x_wconf 85' lang='lat' dir='ltr'>quoa</span> <span class='ocrx_word' id='word_1_232' title='bbox 780 3196 888 3258; x_wconf 85' lang='lat' dir='ltr'>laudat</span> <span class='ocrx_word' id='word_1_233' title='bbox 906 3196 1027 3260; x_wconf 64' lang='lat' dir='ltr'>uiduis</span> <span class='ocrx_word' id='word_1_234' title='bbox 1046 3201 1082 3260; x_wconf 90' lang='lat' dir='ltr'>in</span> <span class='ocrx_word' id='word_1_235' title='bbox 1097 3212 1278 3267; x_wconf 81' lang='lat' dir='ltr'>comment.</span> 
     </span>
     <span class='ocr_line' id='line_1_29' title="bbox 239 3286 1279 3378; baseline 0.011 -22"><span class='ocrx_word' id='word_1_236' title='bbox 239 3291 310 3356; x_wconf 76' lang='lat' dir='ltr'>hist</span> <span class='ocrx_word' id='word_1_237' title='bbox 323 3286 478 3375; x_wconf 66' lang='lat' dir='ltr'>‘Aetbiup</span> <span class='ocrx_word' id='word_1_238' title='bbox 500 3312 529 3363; x_wconf 86' lang='lat' dir='ltr'>t,</span> <span class='ocrx_word' id='word_1_239' title='bbox 543 3291 602 3362; x_wconf 83' lang='lat'>61.</span> <span class='ocrx_word' id='word_1_240' title='bbox 623 3306 657 3375; x_wconf 71' lang='lat'>5·</span> <span class='ocrx_word' id='word_1_241' title='bbox 680 3316 713 3378; x_wconf 84' lang='lat' dir='ltr'>p.</span> <span class='ocrx_word' id='word_1_242' title='bbox 734 3296 814 3360; x_wconf 76' lang='lat'>126.</span> <span class='ocrx_word' id='word_1_243' title='bbox 853 3295 904 3361; x_wconf 81' lang='lat' dir='ltr'>Cf.</span> <span class='ocrx_word' id='word_1_244' title='bbox 924 3312 956 3360; x_wconf 87' lang='lat' dir='ltr'>et</span> <span class='ocrx_word' id='word_1_245' title='bbox 973 3299 1142 3365; x_wconf 84' lang='lat' dir='ltr'>Heliodor.</span> <span class='ocrx_word' id='word_1_246' title='bbox 1164 3305 1200 3367; x_wconf 90' lang='lat' dir='ltr'>in</span> <span class='ocrx_word' id='word_1_247' title='bbox 1220 3305 1279 3367; x_wconf 78' lang='lat' dir='ltr'>Aa·</span> 
     </span>
     <span class='ocr_line' id='line_1_30' title="bbox 238 3394 1278 3477; baseline 0.011 -21"><span class='ocrx_word' id='word_1_248' title='bbox 238 3396 343 3477; x_wconf 91' lang='lat' dir='ltr'>tbiop.</span> <span class='ocrx_word' id='word_1_249' title='bbox 362 3394 418 3457; x_wconf 92' lang='lat' dir='ltr'>lib.</span> <span class='ocrx_word' id='word_1_250' title='bbox 437 3408 517 3474; x_wconf 67' lang='grc' dir='ltr'><strong>Μ).</strong></span> <span class='ocrx_word' id='word_1_251' title='bbox 541 3395 855 3472; x_wconf 63' lang='lat' dir='ltr'>mortuorunt.</span> <span class='ocrx_word' id='word_1_252' title='bbox 889 3398 1081 3465; x_wconf 68' lang='lat' dir='ltr'>cleomedes</span> <span class='ocrx_word' id='word_1_253' title='bbox 1097 3404 1138 3467; x_wconf 85' lang='lat' dir='ltr'>tle</span> <span class='ocrx_word' id='word_1_254' title='bbox 1153 3405 1278 3468; x_wconf 82' lang='lat' dir='ltr'>circulit</span> 
     </span>
     <span class='ocr_line' id='line_1_31' title="bbox 237 3494 1276 3586; baseline 0.011 -28"><span class='ocrx_word' id='word_1_255' title='bbox 237 3495 294 3560; x_wconf 89' lang='lat' dir='ltr'>lib.</span> <span class='ocrx_word' id='word_1_256' title='bbox 309 3517 339 3558; x_wconf 87' lang='lat' dir='ltr'>r.</span> <span class='ocrx_word' id='word_1_257' title='bbox 356 3515 387 3577; x_wconf 92' lang='lat' dir='ltr'>p.</span> <span class='ocrx_word' id='word_1_258' title='bbox 397 3508 481 3579; x_wconf 70' lang='lat'>129.</span> <span class='ocrx_word' id='word_1_259' title='bbox 495 3495 547 3558; x_wconf 84' lang='lat' dir='ltr'>ed.</span> <span class='ocrx_word' id='word_1_260' title='bbox 561 3494 653 3569; x_wconf 72' lang='lat' dir='ltr'>Ball,</span> <span class='ocrx_word' id='word_1_261' title='bbox 682 3497 796 3576; x_wconf 85' lang='lat' dir='ltr'>Glycaa</span> <span class='ocrx_word' id='word_1_262' title='bbox 811 3499 925 3565; x_wconf 86' lang='lat' dir='ltr'>Annul.</span> <span class='ocrx_word' id='word_1_263' title='bbox 942 3503 980 3566; x_wconf 82' lang='grc' dir='ltr'>Ρ.</span> <span class='ocrx_word' id='word_1_264' title='bbox 995 3524 1024 3565; x_wconf 91' lang='grc' dir='ltr'><strong>ι.</strong></span> <span class='ocrx_word' id='word_1_265' title='bbox 1040 3523 1073 3586; x_wconf 89' lang='lat' dir='ltr'>p.</span> <span class='ocrx_word' id='word_1_266' title='bbox 1089 3516 1146 3584; x_wconf 74' lang='grc'>13.</span> <span class='ocrx_word' id='word_1_267' title='bbox 1164 3506 1276 3569; x_wconf 75' lang='lat' dir='ltr'>venat.</span> 
     </span>
     <span class='ocr_line' id='line_1_32' title="bbox 236 3595 1276 3690; baseline 0.013 -33"><span class='ocrx_word' id='word_1_268' title='bbox 236 3596 418 3661; x_wconf 80' lang='lat' dir='ltr'>Aristotelea</span> <span class='ocrx_word' id='word_1_269' title='bbox 441 3608 474 3657; x_wconf 91' lang='lat' dir='ltr'>et</span> <span class='ocrx_word' id='word_1_270' title='bbox 494 3595 651 3659; x_wconf 70' lang='lat' dir='ltr'>Eudoxus</span> <span class='ocrx_word' id='word_1_271' title='bbox 670 3600 754 3680; x_wconf 88' lang='lat' dir='ltr'>apud</span> <span class='ocrx_word' id='word_1_272' title='bbox 779 3601 920 3667; x_wconf 85' lang='lat' dir='ltr'>Euslatb.</span> <span class='ocrx_word' id='word_1_273' title='bbox 941 3604 981 3665; x_wconf 88' lang='lat' dir='ltr'>ad</span> <span class='ocrx_word' id='word_1_274' title='bbox 1003 3604 1111 3686; x_wconf 84' lang='lat' dir='ltr'>Odyss&#39;.</span> <span class='ocrx_word' id='word_1_275' title='bbox 1131 3617 1169 3688; x_wconf 78' lang='grc'>4.</span> <span class='ocrx_word' id='word_1_276' title='bbox 1191 3618 1276 3690; x_wconf 76' lang='lat'>477.</span> 
     </span>
    </p>
   </div>
   <div class='ocr_carea' id='block_1_3' title="bbox 234 3695 1276 3892">
    <p class='ocr_par' dir='ltr' id='par_1_3' title="bbox 234 3695 1276 3892">
     <span class='ocr_line' id='line_1_33' title="bbox 236 3695 1276 3794; baseline 0.014 -38"><span class='ocrx_word' id='word_1_277' title='bbox 236 3717 270 3782; x_wconf 86' lang='lat' dir='ltr'>p.</span> <span class='ocrx_word' id='word_1_278' title='bbox 293 3696 481 3774; x_wconf 77' lang='lat' dir='ltr'>181.Basrl.</span> <span class='ocrx_word' id='word_1_279' title='bbox 507 3698 563 3779; x_wconf 91' lang='lat' dir='ltr'>qui</span> <span class='ocrx_word' id='word_1_280' title='bbox 584 3698 616 3758; x_wconf 84' lang='lat' dir='ltr'>id</span> <span class='ocrx_word' id='word_1_281' title='bbox 634 3695 665 3760; x_wconf 89' lang='lat' dir='ltr'>se</span> <span class='ocrx_word' id='word_1_282' title='bbox 682 3719 724 3761; x_wconf 87' lang='lat' dir='ltr'>ex</span> <span class='ocrx_word' id='word_1_283' title='bbox 737 3698 902 3785; x_wconf 73' lang='lat' dir='ltr'>Aegyptiis</span> <span class='ocrx_word' id='word_1_284' title='bbox 925 3700 1137 3772; x_wconf 86' lang='lat' dir='ltr'>sacerdotibua</span> <span class='ocrx_word' id='word_1_285' title='bbox 1157 3727 1276 3794; x_wconf 73' lang='lat' dir='ltr'>cogno·</span> 
     </span>
     <span class='ocr_line' id='line_1_34' title="bbox 234 3797 1273 3892; baseline 0.008 -29"><span class='ocrx_word' id='word_1_286' title='bbox 234 3797 313 3863; x_wconf 78' lang='lat' dir='ltr'>ville</span> <span class='ocrx_word' id='word_1_287' title='bbox 330 3799 478 3860; x_wconf 87' lang='lat' dir='ltr'>dixerint.</span> <span class='ocrx_word' id='word_1_288' title='bbox 530 3799 695 3882; x_wconf 86' lang='lat' dir='ltr'>Improbat</span> <span class='ocrx_word' id='word_1_289' title='bbox 714 3814 821 3864; x_wconf 84' lang='lat' dir='ltr'>tamen</span> <span class='ocrx_word' id='word_1_290' title='bbox 837 3818 869 3866; x_wconf 83' lang='lat' dir='ltr'>et</span> <span class='ocrx_word' id='word_1_291' title='bbox 885 3821 994 3869; x_wconf 85' lang='lat' dir='ltr'>contra</span> <span class='ocrx_word' id='word_1_292' title='bbox 1013 3808 1157 3892; x_wconf 70' lang='lat' dir='ltr'>disputat</span> <span class='ocrx_word' id='word_1_293' title='bbox 1172 3810 1273 3875; x_wconf 78' lang='lat' dir='ltr'>Artttt·</span> 
     </span>
    </p>
   </div>
   <div class='ocr_carea' id='block_1_4' title="bbox 234 3898 1273 4087">
    <p class='ocr_par' dir='ltr' id='par_1_4' title="bbox 234 3898 1273 4087">
     <span class='ocr_line' id='line_1_35' title="bbox 235 3898 1273 3987; baseline 0.012 -25"><span class='ocrx_word' id='word_1_294' title='bbox 235 3901 291 3964; x_wconf 78' lang='lat' dir='ltr'>elea</span> <span class='ocrx_word' id='word_1_295' title='bbox 307 3898 404 3962; x_wconf 85' lang='lat' dir='ltr'>Tom.</span> <span class='ocrx_word' id='word_1_296' title='bbox 422 3915 452 3961; x_wconf 85' lang='lat' dir='ltr'>tt.</span> <span class='ocrx_word' id='word_1_297' title='bbox 468 3918 501 3980; x_wconf 89' lang='lat' dir='ltr'>p.</span> <span class='ocrx_word' id='word_1_298' title='bbox 512 3902 596 3980; x_wconf 80' lang='grc'><strong>336.</strong></span> <span class='ocrx_word' id='word_1_299' title='bbox 613 3900 703 3964; x_wconf 80' lang='lat' dir='ltr'>labb.</span> <span class='ocrx_word' id='word_1_300' title='bbox 728 3905 802 3984; x_wconf 87' lang='lat' dir='ltr'>quia</span> <span class='ocrx_word' id='word_1_301' title='bbox 818 3924 874 3987; x_wconf 87' lang='lat' dir='ltr'>per</span> <span class='ocrx_word' id='word_1_302' title='bbox 890 3907 1032 3971; x_wconf 82' lang='lat' dir='ltr'>hiemem</span> <span class='ocrx_word' id='word_1_303' title='bbox 1047 3911 1137 3973; x_wconf 88' lang='lat' dir='ltr'>idern</span> <span class='ocrx_word' id='word_1_304' title='bbox 1153 3913 1197 3977; x_wconf 89' lang='lat' dir='ltr'>ob</span> <span class='ocrx_word' id='word_1_305' title='bbox 1209 3930 1273 3974; x_wconf 78' lang='lat' dir='ltr'>eac·</span> 
     </span>
     <span class='ocr_line' id='line_1_36' title="bbox 234 4001 1271 4087; baseline 0.013 -25"><span class='ocrx_word' id='word_1_306' title='bbox 234 4001 309 4066; x_wconf 88' lang='lat' dir='ltr'>‹lem</span> <span class='ocrx_word' id='word_1_307' title='bbox 324 4001 450 4084; x_wconf 80' lang='lat' dir='ltr'>pluviae</span> <span class='ocrx_word' id='word_1_308' title='bbox 465 4001 532 4064; x_wconf 85' lang='lat' dir='ltr'>fieri</span> <span class='ocrx_word' id='word_1_309' title='bbox 547 4001 669 4075; x_wconf 85' lang='lat' dir='ltr'>debeat,</span> <span class='ocrx_word' id='word_1_310' title='bbox 686 4024 746 4066; x_wconf 83' lang='lat' dir='ltr'>uec</span> <span class='ocrx_word' id='word_1_311' title='bbox 758 4006 922 4087; x_wconf 87' lang='lat' dir='ltr'>paullatim</span> <span class='ocrx_word' id='word_1_312' title='bbox 936 4024 970 4071; x_wconf 89' lang='lat' dir='ltr'>et</span> <span class='ocrx_word' id='word_1_313' title='bbox 985 4025 1051 4073; x_wconf 89' lang='lat' dir='ltr'>tam</span> <span class='ocrx_word' id='word_1_314' title='bbox 1065 4013 1123 4074; x_wconf 84' lang='lat' dir='ltr'>tliu</span> <span class='ocrx_word' id='word_1_315' title='bbox 1137 4012 1271 4079; x_wconf 81' lang='lat' dir='ltr'>crescere</span> 
     </span>
    </p>
   </div>
   <div class='ocr_carea' id='block_1_5' title="bbox 232 4092 1273 4193">
    <p class='ocr_par' dir='ltr' id='par_1_5' title="bbox 232 4092 1273 4193">
     <span class='ocr_line' id='line_1_37' title="bbox 232 4092 1273 4193; baseline 0.014 -30"><span class='ocrx_word' id='word_1_316' title='bbox 232 4097 338 4189; x_wconf 82' lang='lat' dir='ltr'>possit.</span> <span class='ocrx_word' id='word_1_317' title='bbox 378 4102 472 4166; x_wconf 85' lang='lat' dir='ltr'>idem</span> <span class='ocrx_word' id='word_1_318' title='bbox 492 4114 585 4168; x_wconf 87' lang='lat' dir='ltr'>autea</span> <span class='ocrx_word' id='word_1_319' title='bbox 599 4092 632 4190; x_wconf 92' lang='lat' dir='ltr'>p.</span> <span class='ocrx_word' id='word_1_320' title='bbox 652 4115 738 4193; x_wconf 74' lang='lat'>334.</span> <span class='ocrx_word' id='word_1_321' title='bbox 764 4107 805 4172; x_wconf 85' lang='lat' dir='ltr'>tie</span> <span class='ocrx_word' id='word_1_322' title='bbox 826 4109 959 4180; x_wconf 81' lang='lat' dir='ltr'>nivlbttt</span> <span class='ocrx_word' id='word_1_323' title='bbox 974 4111 1038 4178; x_wconf 86' lang='lat' dir='ltr'>illia</span> <span class='ocrx_word' id='word_1_324' title='bbox 1055 4116 1196 4183; x_wconf 79' lang='lat' dir='ltr'>omnino</span> <span class='ocrx_word' id='word_1_325' title='bbox 1215 4118 1273 4179; x_wconf 85' lang='lat' dir='ltr'>du·</span> 
     </span>
    </p>
   </div>
   <div class='ocr_carea' id='block_1_6' title="bbox 0 0 1325 4716">
    <p class='ocr_par' dir='ltr' id='par_1_6' title="bbox 0 0 1325 4716">
     <span class='ocr_line' id='line_1_38' title="bbox 0 0 1325 4716; baseline 0 0"><span class='ocrx_word' id='word_1_326' title='bbox 0 0 1325 4716; x_wconf 95' lang='lat' dir='ltr'> </span> 
     </span>
    </p>
   </div>
  </div>
 </body>
</html>
