2634 4716
240 405 307 455 ete
509 391 675 468 ttom
715 391 1016 453 uxuomcte

238 586 355 633 manoe
375 579 408 645 3.
433 580 466 648 3,
491 581 523 631 o.
561 566 805 649 Eundemtvero
830 567 983 631 vestitum
1005 568 1104 631 etiem
1122 565 1224 631 hodie
1247 568 1290 633 tle

143 680 146 687 '
239 672 302 733 illie
317 671 445 753 populie
460 684 549 731 umet
566 670 664 733 Shew
677 669 719 731 T.
738 689 770 734 1.
785 688 818 751 p.
838 670 922 751 376.
940 684 1096 752 vocatque
1109 660 1288 763 Bumoofe,

238 776 294 856 qui
317 772 583 857 Bardocuculltm
603 768 736 851 referet,
771 771 825 835 vel
847 772 958 835 demto
988 772 1114 837 cucullo
1133 772 1289 857 penalem

238 875 474 940 Romanorum.
518 871 569 941 Oi.
587 872 627 935 ud
642 886 675 954 3,
691 884 727 952 5.
742 887 778 938 Ω.

318 1058 452 1141 humi)
502 1059 555 1122 Sic
570 1058 691 1123 Sallust.
709 1060 782 1144 lug.
803 1077 870 1141 cop.
892 1070 948 1138 ¹8·
972 1057 1102 1122 Gaetuli
1122 1070 1155 1121 et
1170 1054 1288 1142 noyn

241 1155 365 1256 asperi,
396 1161 524 1231 inculti,
558 1162 629 1242 quis
651 1157 739 1222 cibus
757 1173 827 1222 erat
850 1180 926 1221 coto
937 1151 1056 1250 ferino
1076 1172 1175 1243 atque
1196 1160 1286 1221 hiemi

239 1262 408 1345 pabulum,
436 1264 485 1323 uti
507 1259 672 1342 pecoribus
679 1283 692 1334 ,·
724 1282 783 1344 pro
803 1281 868 1344 quo
886 1260 1044 1324 Geiuerue
1062 1262 1097 1323 in
1118 1259 1286 1324 Thesauro

238 1366 278 1428 L.
295 1365 332 1429 L.
348 1367 438 1426 malit
450 1361 616 1459 stabulum
638 1364 720 1441 (vid.
739 1364 773 1426 h.
788 1365 837 1440 v.)
855 1375 890 1426 et
909 1361 974 1425 line
989 1363 1096 1426 Cocli.
1110 1377 1144 1425 et
1161 1376 1286 1446 praeter

237 1486 320 1530 rem.
362 1468 434 1530 vid.
456 1485 536 1548 quae
558 1466 688 1526 monuit
706 1463 851 1528 Ouwene
872 1465 907 1525 in
929 1463 1088 1527 Noctibue
1106 1462 1233 1550 Hegea.
1251 1479 1285 1537 Ω.

243 1583 300 1651 23.
322 1590 357 1652 p.
377 1569 449 1647 264
465 1566 506 1648 iq.
534 1566 594 1628 ubi
607 1568 703 1627 etium
718 1566 806 1628 huuc
821 1566 932 1629 locum
950 1566 1054 1629 Melae
1071 1562 1171 1629 iuiiue
1184 1566 1287 1649 expli-

236 1672 333 1733 tevit.
382 1669 549 1732 Sententia
570 1668 681 1730 eadem
704 1669 744 1731 de
764 1668 878 1730 avibue
899 1668 983 1749 apud
1006 1668 1132 1750 Apulei.
1154 1668 1195 1731 de
1210 1668 1285 1731 Deo

236 1774 326 1837 socr.
350 1791 383 1854 p.
408 1790 455 1835 m.
472 1785 531 1845 70.
563 1766 608 1862 est
637 1770 720 1830 euim
737 1759 866 1860 seniper
890 1769 952 1831 illie
982 1769 1090 1831 uictus
1119 1771 1227 1832 omnis
1249 1768 1283 1831 te

237 1886 335 1944 teu-ra,
362 1868 474 1933 ibidem
496 1868 660 1951 pabulum.
685 1866 797 1932 ibidem
818 1867 927 1933 cubile.
977 1871 1028 1934 An
1043 1888 1121 1932 vero
1137 1869 1187 1942 fit,
1213 1870 1285 1934 hee·

236 1973 287 2037 bie
302 1988 334 2037 et
350 1972 509 2035 radicibus
524 1971 667 2042 aluntur,
692 1984 823 2054 propter
845 1969 981 2034 subiecta
1001 1971 1127 2036 dubito.
1167 1970 1285 2035 Omni·

234 2095 282 2140 uo
305 2078 393 2138 enim
413 2076 478 2137 hoc
500 2074 589 2144 vuit,
623 2073 717 2135 humi
740 2075 879 2136 iacentes
899 2089 933 2156 et
956 2074 1099 2136 dormire
1120 2086 1154 2136 et
1174 2075 1282 2139 edere.

237 2176 354 2277 Quies,
378 2189 417 2237 ut
437 2174 542 2259 ieepe,
569 2173 716 2246 iomnue.
742 2186 775 2237 et
790 2175 832 2235 iic
854 2172 935 2235 inire
957 2174 987 2252 §.
1004 2185 1039 2251 5.
1079 2174 1210 2255 Epulae
1230 2194 1285 2238 to·

233 2292 303 2343 tem
320 2275 355 2340 in
369 2277 463 2341 iimili
474 2295 562 2343 nexu
575 2274 680 2359 posuit
694 2274 797 2339 Veler.
815 2276 941 2336 Flaccus
951 2276 984 2345 6,
1001 2286 1084 2357 333.
1108 2274 1161 2372 asi
1173 2276 1285 2360 epulae

233 2379 442 2468 quodcunque
460 2399 573 2460 pecus,
604 2397 806 2463 quaecuuque
820 2366 980 2467 serarum.

312 2561 374 2629 Va
378 2553 426 2654 [a
432 2561 452 2645 )
503 2564 723 2647 Quaecunque
745 2576 849 2646 pertee
873 2560 1093 2646 supellectilia,
1117 2583 1202 2646 quae
1216 2564 1283 2629 llo·

233 2682 306 2729 mee
335 2666 399 2726 hoc
427 2663 621 2726 vocabulum
645 2663 977 2749 comprehendebant.
1010 2666 1098 2727 unde
1120 2667 1222 2729 totiee
1246 2670 1281 2731 iu

233 2763 436 2859 exercitibus:
455 2764 652 2827 conclamare
683 2756 781 2856 vaso,
815 2781 849 2828 et
874 2767 910 2826 in
940 2765 1053 2850 legatie
1078 2754 1302 2851 agnosciume'

231 2859 317 2961 oasa
341 2880 375 2929 et
397 2867 541 2939 comites,
574 2880 611 2927 ut
632 2868 802 2948 aliquoties
821 2881 990 2930 occurrunt
1016 2871 1101 2951 apud
1133 2869 1279 2936 Livium.

234 2991 259 3035 1.
280 2988 477 3032 ououovtve
492 2964 574 3037 M&
623 2970 669 3028 lte
689 2981 773 3031 cette
795 2989 824 3037 t,
843 2979 900 3047 24.
919 2981 953 3045 5.
979 2989 1077 3050 quem
1098 2970 1209 3032 locum
1232 2974 1281 3033 in·

231 3072 340 3135 lustret
368 3069 512 3133 Turneb.
535 3067 688 3132 etleeriar.
718 3088 773 3139 eo.
800 3070 857 3132 26.
894 3069 1003 3131 addito
1030 3070 1093 3132 elio
1114 3090 1155 3133 ex
1175 3072 1283 3135 Gratii

232 3174 359 3259 Cyneg.
376 3192 409 3234 v.
431 3188 515 3253 2¹9·
540 3169 608 3242 ubi,
633 3168 741 3233 illene
757 3171 800 3233 eil
821 3172 928 3241 lectio,
953 3170 1161 3235 instrumente
1182 3194 1280 3237 vene.

232 3277 314 3339 toria
328 3276 369 3336 iic
385 3272 448 3334 dici
465 3274 628 3337 videntur.
662 3272 735 3337 Vid.
758 3275 957 3357 iuterpretee.
990 3274 1056 3337 Sed
1077 3276 1172 3339 letior
1185 3278 1280 3343 vecie

229 3375 417 3463 fignificatio
435 3374 490 3437 ille
510 3394 551 3438 ex
567 3374 636 3437 aliie
655 3372 787 3439 ooullet¹

307 3540 398 3624 loc)
448 3542 500 3606 De
516 3543 644 3607 lacteet
659 3538 867 3607 cerneleiae
884 3540 925 3609 ci.
943 3542 1064 3608 Sallust.
1082 3546 1154 3632 lug.
1171 3563 1199 3610 c.
1220 3560 1276 3627 ιθ.

232 3657 266 3710 et
280 3656 339 3724 89.
356 3657 389 3709 et
403 3642 449 3705 ibi
465 3643 574 3711 Corte.
596 3646 651 3727 qui
665 3644 755 3705 hunc
769 3646 894 3705 victum
909 3642 1168 3727 entiquiffimum
1184 3645 1278 3712 fuiiie

233 3748 340 3810 docet.
379 3736 692 3831 Γαλαὰτοφᾶγους,
719 3747 814 3809 novit
843 3746 1007 3810 Hometue
1033 3749 1072 3813 n.
1098 3750 1213 3830 1556.
1245 3740 1279 3814 et

232 3849 311 3913 hinc
335 3847 451 3932 pluteo.

308 4012 555 4098 baccorum)
591 3972 696 4101 'Quae
716 4033 785 4078 non
808 4017 897 4078 cultu
919 4016 1196 4100 producebantur.
1224 4019 1276 4084 ied

68 4138 72 4145 ·
102 4206 108 4227 Ι
230 4116 348 4206 ipoute
363 4137 403 4185 ex
419 4128 505 4183 terte
526 4116 760 4204 proveniebant
778 4119 815 4182 iu
833 4116 1003 4184 stuoeilm
1023 4122 1077 4185 vel
1094 4122 1276 4196 uberibus.
