2634 4716
216 374 283 459 με
358 436 363 443 ,
487 372 651 435 nom
689 374 992 433 oroorrrcau
1109 414 1114 425 .

218 547 332 623 κλεῖδα
350 563 449 614 vocat
470 548 529 634 τῆς
548 541 720 632 Αἰγύπτου
739 541 867 613 εἰσόδου
891 526 946 611 acui
968 535 1104 620 ἐξόδους
1132 543 1265 608 claustra

218 654 357 740 Aegypti
376 653 489 715 Livius
504 661 565 730 45,
586 670 642 721 ιι.
657 657 693 728 4.
720 657 819 732 quare
835 665 868 711 et
884 651 966 712 illud
983 649 1137 732 praesidio
1158 648 1266 729 impo-

218 754 276 825 sito
290 757 397 819 teucria
410 752 589 817 Antiochue
604 750 809 835 Epiphanes.
834 752 902 834 posi
918 753 1076 815 Antoniua
1091 750 1266 832 occupavit

218 856 401 939 (Plutarch.
424 857 457 917 sn
480 855 600 917 Aaron.
622 873 651 918 c.
667 857 719 933 5.)
743 873 817 917 oum
839 855 1051 924 Paraetonio,
1082 872 1167 936 quaa
1196 851 1264 913 duo

201 962 357 1044 Aegypti
378 974 498 1020 cornua
521 966 639 1017 vocant
658 955 744 1019 Fsor.
767 964 803 1035 4.
829 976 885 1028 ιι,
907 974 942 1035 9.
976 971 1011 1019 et
1033 953 1124 1018 Oros.
1143 955 1180 1026 ⁶.
1206 970 1262 1034 ¹9·

216 1062 259 1126 sn
273 1063 343 1123 cius
357 1060 465 1129 locum
483 1051 623 1119 successu
636 1055 844 1120 Al·Farmusa
859 1057 882 1120 s.
896 1059 1065 1128 Farameir.
1087 1056 1265 1134 (d’Anvilse

217 1182 251 1246 p.
268 1175 328 1240 97.
344 1180 371 1221 c.
388 1160 423 1239 l.)
447 1159 598 1220 Faromo.
624 1154 772 1244 (Savary
788 1160 886 1224 Tom.
904 1179 935 1223 a.
957 1181 990 1242 p.
1008 1160 1091 1223 26⁹.
1106 1179 1134 1221 c.
1151 1159 1176 1220 s.
1206 1157 1265 1239 qui

143 1272 146 1284 “
217 1262 321 1346 magia
338 1261 379 1323 acl
397 1259 555 1322 orientem
571 1258 699 1342 ponit.)
740 1259 893 1323 Arabicae
910 1263 1061 1347 originis.
1088 1258 1140 1321 sed
1154 1259 1266 1321 brevia

218 1367 344 1427 aetatis.
395 1360 549 1433 Plurimi.
573 1374 612 1422 ut
628 1359 761 1446 Prosper
779 1363 917 1445 Aspinua
933 1363 1030 1426 descr.
1051 1363 1129 1447 Aeg.
1152 1382 1186 1445 p.
1203 1372 1263 1439 58.

216 1466 345 1529 Maillet
365 1485 397 1546 p.
420 1478 502 1539 127.
519 1495 569 1511 -
592 1462 762 1525 Damiecte
780 1478 913 1546 putant,
938 1465 1024 1547 quod
1043 1479 1153 1525 tamen
1175 1464 1267 1545 oppi-

217 1569 298 1631 dum
314 1585 332 1627 a
347 1564 466 1629 Pelusii
479 1562 648 1627 ruderibus
668 1565 873 1647 aliquantum
891 1566 985 1631 abest.
1021 1565 1090 1628 Nec
1105 1565 1197 1627 valet
1212 1583 1264 1634 eo.

216 1669 305 1752 quod
326 1670 361 1729 in
376 1667 457 1729 lucia
475 1664 664 1747 palustribue
679 1666 772 1727 satum
795 1666 857 1737 est.
883 1669 970 1729 undo
992 1667 1129 1748 probare
1147 1666 1265 1727 nititur

149 1833 152 1843 ,
215 1770 360 1839 Maislet.
381 1767 559 1829 cumidem
577 1765 617 1824 de
634 1766 703 1827 aliie
720 1767 782 1826 dici
798 1769 897 1827 etiam
914 1765 1018 1850 possrt.
1054 1766 1265 1830 Occasionem

217 1869 335 1935 dedisse
361 1868 506 1938 videtur,
539 1865 628 1948 quod
652 1866 816 1929 devastato
851 1868 976 1931 Pelusio
1008 1869 1123 1930 ostium
1150 1868 1265 1950 oppidi

215 1975 270 2037 Da
308 1973 316 1988 ‘
364 1968 563 2045 §orientale
585 1964 708 2043 sactum
731 1966 786 2031 est.
824 1966 877 2033 cf.
898 1970 1059 2032 d'Anvilse
1080 1992 1113 2054 p.
1131 1987 1181 2050 90
1199 1967 1264 2051 sqq.

215 2088 251 2137 et
266 2074 297 2136 H
381 2073 453 2133 irruo
469 2072 510 2131 ad
526 2069 611 2133 Plio.
628 2081 663 2146 5.
682 2089 738 2133 ιι.
757 2069 779 2134 s.
799 2089 856 2136 ιο.
891 2071 974 2134 Urba
990 2073 1141 2136 inclaruit
1156 2070 1267 2135 Ptole-

215 2177 312 2249 maci,
339 2172 536 2258 Geographi,
561 2171 734 2235 natalibus.

295 2373 577 2458 canopicum)
626 2375 758 2459 Septem
775 2373 828 2437 hic
843 2389 1012 2438 enumerat
1025 2374 1094 2437 Nisi
1109 2375 1202 2446 osiia.
1227 2376 1263 2438 iu

216 2499 282 2564 quo
309 2492 342 2540 et
368 2479 421 2538 alii
452 2477 541 2539 vario
574 2475 789 2539 consentiunt.
841 2479 894 2540 Sic
918 2477 1016 2539 Nasus
1040 2467 1263 2570 septemfluus.

216 2580 338 2661 (Ovid.
365 2577 500 2639 Metam.
532 2598 560 2647 ι,
585 2581 692 2657 492.)
721 2569 938 2670 septemplex.
965 2580 1074 2656 (idem
1094 2592 1128 2658 5.
1156 2584 1262 2658 187.)

209 2675 493 2776 Ι[αρειιηςεηιίηιιε.
523 2680 654 2762 (virgil.
685 2681 764 2743 Aen.
790 2681 824 2752 6,
851 2693 936 2759 801.
974 2680 1092 2744 Catuli.
1121 2700 1178 2754 ιι.
1204 2685 1261 2760 7.)

208 2775 347 2878 septena
362 2800 419 2841 oro
433 2779 506 2841 Nisi
526 2778 656 2864 (Avien.
673 2801 708 2844 v.
725 2778 799 2861 αα.)
823 2795 855 2843 et
870 2784 1007 2845 omnino
1022 2782 1094 2844 Nili
1108 2802 1166 2844 ora
1182 2784 1262 2844 mus·

217 2881 324 2976 εἰμι.
359 2882 517 2958 (Eumen-
549 2883 584 2941 iu
614 2896 696 2945 orat.
730 2901 791 2964 pro
823 2883 1032 2948 restaurandis
1058 2882 1155 2947 schol.
1184 2885 1262 2960 sin.)

220 2985 348 3049 Graecia
364 2984 481 3045 dicitur
495 2974 716 3070 ἑπτάστομος,
743 2975 928 3070 ἑπτάπορος
952 3019 1000 3037 «-
1049 2988 1114 3049 Sed
1131 2986 1213 3049 haec
1228 2999 1263 3049 et

218 3089 280 3151 alia
296 3085 436 3169 conlegit
452 3082 660 3147 lsosmanuua
677 3087 716 3145 ad
732 3086 858 3147 oraculo
874 3085 987 3164 Sibyll.
1003 3086 1058 3149 lib.
1073 3096 1107 3169 4.
1122 3109 1156 3170 p.
1173 3100 1261 3166 503.

216 3192 314 3255 Plura
330 3201 438 3249 tamen
454 3189 553 3248 eriam
569 3187 701 3267 quidam
716 3200 984 3251 commemorant.
1019 3189 1071 3251 Sic
1084 3189 1212 3253 Pliniua
1226 3203 1262 3269 5.

222 3290 383 3354 11.s.1o.
405 3289 543 3351 omnino
564 3304 617 3351 ια.
641 3277 772 3372 reperiri
790 3287 912 3360 scribit.
939 3287 1094 3373 superque
1111 3306 1261 3373 quatuor.

216 3413 300 3476 quoe
317 3389 393 3452 salsa
411 3409 465 3451 ora
481 3390 654 3473 adpellant.
682 3388 732 3452 sed
750 3390 953 3453 celeberrima
973 3390 1105 3474 septem.
1156 3395 1201 3456 Et
1222 3392 1263 3455 src

217 3494 423 3558 Ptolemaeus
439 3503 473 3570 4.
492 3505 525 3568 5.
546 3485 764 3579 ψευδόστομα
781 3492 849 3554 duo
867 3491 987 3575 septem
1003 3495 1065 3557 issia
1081 3493 1181 3565 addit.
1205 3495 1262 3555 Pi·

217 3595 353 3675 ncptimi
368 3609 400 3655 et
417 3591 566 3656 Dialeon.
593 3588 876 3682 Τυφλοστόματα
892 3597 1030 3681 adtingit
1044 3597 1143 3659 etiam
1153 3597 1265 3679 Eusta-

217 3698 307 3761 thius
330 3696 371 3756 ad
394 3695 529 3758 Horrrer.
550 3695 588 3759 11.
608 3711 640 3764 α.
665 3694 749 3776 637.
775 3716 809 3778 p.
829 3716 873 3759 m.
900 3711 985 3776 253.
1034 3697 1169 3761 Potiora
1192 3709 1260 3762 ᾱιιο

217 3799 295 3863 inde
326 3815 344 3859 a
370 3797 479 3866 Delta,
514 3795 570 3856 ubi
597 3796 691 3859 Niluo
725 3795 876 3869 scinditur
902 3799 1019 3862 Strabo
1039 3816 1094 3883 ι7.
1118 3821 1152 3883 p.
1171 3812 1258 3882 542.

216 3899 239 3965 s.
257 3911 341 3977 783.
366 3895 444 3959 facit
466 3895 624 3985 Pcsufium
647 3899 687 3960 ad
710 3899 875 3969 dextram.
904 3899 1098 3964 Canobieum
1121 3901 1141 3963 s.
1160 3902 1263 3965 Hora·

216 4003 380 4065 escaticum
404 4000 444 4061 ad
465 4000 634 4070 sanisiram.
666 4008 762 4082 atque
782 3984 866 4063 intur
884 4019 922 4063 ea
942 4003 1011 4086 posi
1029 4003 1172 4087 quinque
1195 4005 1258 4066 alia

217 4100 378 4176 recenset.
410 4101 467 4167 otfi
498 4105 645 4167 tenuiora
671 4103 832 4186 quaedam
857 4119 1021 4188 praeterea
1043 4102 1105 4169 esse
1130 4120 1258 4171 monet.
1283 4118 1288 4129 “
