2634 4716
183 423 400 483 rurour.
430 423 538 481 ruet.
581 424 616 480 L.
638 425 662 479 1.
703 400 836 483 c'xttt
878 425 956 497 tc
1030 436 1094 503 559

53 598 189 682 18596.
208 597 228 658 l.
247 610 331 677 575.
358 597 589 681 Miletopolitin
613 600 720 663 vocari
742 597 896 660 existimat
917 598 1095 679 Palmeriuq

52 701 87 760 in
104 714 240 761 auctorr.
257 700 313 763 Gr.
330 721 362 782 p.
375 708 458 779 858.
488 698 602 762 Noster
617 684 723 762 Fou‘tar
738 701 807 762 eiut
819 700 854 761 in
868 698 936 783 ipso
947 688 1109 782 Olynipoi

52 804 163 884 ponit,
197 801 284 883 quod
306 801 345 862 fic
368 801 528 863 conciliari
548 801 667 884 potest,
699 815 737 862 ut
758 802 828 863 eiue
850 822 928 882 aqua
950 804 1095 884 primum

52 903 125 964 lacu
158 904 346 986 conligatur.
407 904 444 962 ln
476 902 565 963 cursu
598 904 715 987 excipit
747 903 921 964 Macellum
954 904 1094 984 aliosque

16 990 20 995 ¹
53 1004 184 1074 fluvius,
209 1005 346 1089 (Strabo,
368 1001 509 1087 Plinius)
536 1004 701 1086 Asiamque
721 1017 755 1065 et
775 1004 964 1083 Bithyniam
985 1006 1097 1065 dieter-
1188 1058 1191 1063 .

53 1109 181 1168 minans
207 1105 371 1186 (Plinius)
397 1106 594 1188 praeterfluit
617 1106 841 1189 Apolloniam,
876 1107 965 1167 cuiue
996 1108 1095 1169 etiam

55 1206 149 1269 situm
169 1221 200 1269 et
215 1220 357 1270 auctores
373 1221 405 1269 et
428 1209 520 1267 numi
538 1208 591 1269 hic
612 1207 793 1293 defignaut.
819 1220 853 1268 et
869 1208 902 1267 in
924 1208 1097 1290 Proponti-

55 1308 130 1370 dem
148 1324 337 1371 exoneratur
354 1329 454 1391 prope
470 1308 603 1371 insulam
616 1306 798 1379 Belbicum‚
816 1308 957 1388 (Strabo)
981 1309 1014 1370 h.
1035 1296 1099 1371 Ca-
1209 1338 1212 1342 ·

52 1408 192 1480 tottnmo,
216 1411 379 1494 (Pococke
398 1412 437 1471 Τ.
457 1425 489 1488 3.
507 1432 539 1493 p.
555 1432 600 1474 ru.
623 1408 719 1489 169.)
744 1429 840 1491 quam
857 1410 1039 1491 Stephauua
1055 1408 1111 1471 ad·

54 1510 210 1589 Cyzicum
230 1514 334 1594 ponit.
374 1512 485 1574 Medio
508 1533 581 1574 eum
606 1513 712 1573 Pouto
732 1512 847 1571 flavere
871 1510 974 1572 scribit
991 1512 1094 1573 Valet.

55 1614 158 1676 flacc.
184 1628 215 1689 3,
243 1625 302 1689 35.
356 1615 566 1674 Deducuntur
587 1615 662 1674 iude
679 1614 774 1674 variia
796 1610 906 1674 formis
928 1613 1095 1683 vocabula,

30 1770 34 1777 .
55 1729 92 1775 ut
112 1711 314 1790 ‘l’uuduau‘dec
328 1709 486 1803 προχοαὶ,
508 1715 678 1800 (Apollon.
698 1736 727 1785 r,
757 1711 885 1796 1165.)
916 1708 1098 1787 Ῥυνδὰκιοι

55 1814 213 1903 προχοαί.
241 1816 404 1897 (Orpheus
419 1819 536 1900 Argon.
555 1839 586 1877 v.
604 1819 703 1894 631.)
753 1818 960 1877 Recentioree
981 1836 1096 1899 parum

58 1919 114 1974 srbi
133 1919 167 1976 in
191 1918 348 1977 hodierno
366 1920 499 1976 nourine
522 1917 679 1984 conllant,
707 1929 744 1974 ut
763 1919 892 1997 adparet
912 1934 951 1978 ex
973 1919 1097 1980 Lexici⁸

57 2017 183 2087 Ortelii,
207 2016 349 2080 Ferrarii.
387 2015 561 2077 Metuttttt
579 2030 673 2077 vocet
689 2015 839 2079 Pococke
857 2037 884 2080 c.
902 2016 925 2080 1.

134 2217 313 2300 angues)
371 2219 474 2279 Ducta
498 2216 575 2278 haec
597 2218 733 2278 narratio
755 2218 886 2279 videtur
908 2238 947 2280 ex
974 2219 1098 2283 Metro·

58 2323 154 2391 doro,
188 2340 284 2402 quem
307 2321 374 2381 eius
396 2332 558 2380 auctorem
582 2320 728 2379 nominat
748 2318 872 2379 Plinius
889 2330 923 2396 8,
953 2331 1007 2399 14.
1042 2325 1099 2403 qui

58 2420 179 2485 consuli
206 2420 307 2503 potest
331 2430 406 2482 cum
430 2421 561 2483 Aeliano
589 2422 623 2479 in
650 2419 717 2482 hist.
745 2439 795 2480 an.
819 2434 852 2488 Ω,
880 2436 938 2484 er.
973 2421 1032 2481 ubi
1055 2421 1096 2489 cf.
1180 2499 1183 2503 ⁸

48 2525 281 2587 'Schneiderue
310 2523 402 2601 lderu
416 2522 456 2583 de
470 2523 669 2603 Aethiopicis
685 2519 881 2604 serpentibus
894 2519 991 2585 refert
1001 2523 1097 2589 Phile

57 2645 125 2706 cap.
144 2624 202 2688 66.
230 2623 351 2686 Melam
367 2623 508 2687 reddidit
525 2624 692 2685 Boccatiua
706 2624 747 2685 de
762 2623 949 2688 fluminibus
962 2625 996 2687 h.
1013 2645 1046 2687 r.

126 2819 369 2918 fugerunt)
420 2824 569 2888 Notauda
590 2826 644 2887 hic
664 2827 819 2887 concinna
843 2825 982 2889 brevitas
1000 2829 1033 2888 in
1051 2848 1100 2890 ac·

60 2931 322 2991 commodatione
344 2941 415 3010 apta
431 2928 523 2989 verbi
542 2930 637 2989 uuiue
659 2929 695 2989 ad
718 2947 767 2989 rea
789 2924 942 2998 diversae,
969 2949 1050 3009 quae
1066 2944 1100 2991 et

59 3031 133 3093 alias
155 3031 336 3113 lirnpliciter
356 3048 441 3090 nexu
463 3031 649 3100 adiuvatur,
675 3041 712 3087 ut
732 3028 816 3109 apud
833 3029 1011 3110 Palaephat.
1029 3051 1096 3115 cap.
1131 3018 1134 3025 ’
1213 3020 1216 3026 ’

66 3146 121 3211 ι5,
142 3144 172 3208 5.
202 3127 365 3218 σώζεσθαι
393 3128 435 3199 εἰς
458 3126 517 3214 τὴν
542 3131 613 3214 γῆν.
673 3130 726 3189 Sic
751 3148 903 3199 auocare,
937 3128 1099 3205 abducere,

60 3238 213 3301 emittere,
236 3246 389 3301 avertere,
416 3233 456 3292 de
475 3232 593 3312 quibua
609 3228 770 3292 Drakeub.
789 3232 829 3292 ad
847 3231 929 3314 Liv.
942 3254 970 3301 r,
988 3246 1099 3312 (37.8.

62 3336 95 3408 6,
116 3346 174 3414 23,
193 3345 228 3412 8.
250 3349 284 3396 et
302 3332 390 3395 alibi.

137 3534 287 3616 liunt)
339 3533 416 3595 Non
433 3548 470 3595 ut
489 3555 557 3598 aera
573 3547 710 3617 captent.
738 3533 800 3605 led,
826 3535 980 3618 quidquid
998 3554 1100 3619 prope

60 3639 120 3710 est,
150 3639 238 3698 finrul
264 3637 446 3707 adtrahant,
479 3639 566 3697 unde
590 3637 657 3699 Cic.
680 3637 713 3696 iu
737 3638 860 3699 Verrin.
879 3652 912 3714 5,
936 3651 968 3714 8.
994 3640 1103 3722 iungit

60 3742 148 3801 hiare
171 3754 202 3800 et
228 3731 361 3830 poscere.
413 3740 465 3801 Sic
490 3739 577 3799 Pedo
606 3737 828 3799 Albinovanus
853 3741 887 3797 in
911 3736 1031 3800 consol.
1061 3739 1102 3801 ad

62 3843 188 3902 Liviam
207 3861 239 3902 v.
258 3833 317 3919 97.
346 3860 409 3900 uon
431 3842 571 3900 animam
595 3834 746 3926 adprofito
767 3830 951 3928 fugientem
977 3840 1102 3919 excepit

62 3945 168 4006 hiatu.
204 3961 228 4003 1.
256 3959 455 4003 cuouovrve
480 3942 556 4003 MS.
616 3940 775 4001 Polteriua
801 3952 948 4002 veterum
975 3960 1102 4004 tuorem

62 4044 180 4128 spectat
199 4040 269 4105 fatie
290 4055 406 4120 notum
429 4044 464 4103 in
485 4040 702 4110 moribundis.
730 4039 785 4103 Gr.
802 4038 1036 4128 ψυχοροφεῖν,
1063 4045 1104 4105 de

61 4166 126 4228 quo
143 4146 206 4208 viri
227 4143 313 4210 docti
331 4144 370 4207 ad
388 4144 498 4230 Virgit.
517 4144 599 4208 Aen.
615 4153 650 4224 4,
668 4144 753 4223 684.
780 4155 813 4204 et
836 4144 971 4208 omnino
991 4145 1103 4207 Kircb·

1071 4402 1175 4432 ἑ

556 4432 577 4485 ΙΙ]

554 4488 572 4577 ἱχι
