2634 4716
122 390 186 457 ³9⁰
391 372 553 434 nomn
593 363 896 431 exnoerrcatr
986 340 989 347 ’

122 546 258 627 ’ΜοΙοῙιο
276 546 312 614 ic
328 542 508 631 Chronogr.
524 544 580 609 lib.
598 557 631 625 5.
648 566 680 628 p.
695 557 754 624 85.
770 546 851 608 Ven.
873 574 924 594 -
954 536 1176 615 Dieleniionia

128 647 216 713 caula
237 649 343 730 quaeri
360 647 456 711 debet
472 647 506 708 in
526 649 692 731 utriunque
713 649 854 733 regionic
869 646 1011 709 confinio
1032 645 1174 725 'cinoque

45 822 48 829 ¹
128 751 219 836 vagia
234 751 389 813 terminia.
440 751 479 811 lu
493 746 634 812 confinio
648 760 756 811 autern
771 747 859 812 inille
874 748 961 814 litem
982 747 1119 829 eriperet
1133 760 1180 823 cx,

128 850 236 918 Plinio
257 862 292 931 5.
318 863 373 929 18.
397 850 418 912 i.
434 867 493 915 22.
526 862 559 913 et
580 850 742 913 Scribonio
763 851 834 913 loco
858 848 915 912 lib.
937 849 992 913 ro.
1022 868 1058 931 p.
1084 858 1173 929 5¹⁷·

128 952 151 1016 f.
171 942 255 1032 751.
289 953 356 1037 Qui
372 953 543 1013 accuratius
557 950 731 1036 delignant,
748 966 874 1035 ponunt
889 951 927 1012 ad
941 963 1048 1033 portae
1064 942 1176 1031 Syriai

130 1075 147 1118 ι
164 1063 273 1140 tergo.
297 1068 336 1114 ut
351 1052 482 1122 Plinius,
510 1055 595 1114 inter
610 1053 706 1119 rtrum
723 1068 755 1115 et
771 1053 964 1123 Seleuciam,
989 1065 1029 1113 ut
1043 1049 1173 1120 Strabo.

9 1197 18 1208 ,
128 1157 213 1219 inter
223 1155 399 1218 Seleuciam
414 1153 676 1217 etAiexandriant
692 1155 729 1215 ad
741 1153 847 1220 ilium.
864 1165 901 1217 ut
917 1152 1030 1221 tabula,
1048 1148 1172 1236 oeogr.

128 1258 280 1320 Ravenn.
299 1276 327 1319 c.
349 1255 371 1319 1.
430 1257 469 1318 ln
502 1255 615 1338 primic
650 1255 714 1316 huc
746 1251 852 1319 arceffi
883 1252 985 1341 potest
1017 1252 1175 1317 Theodo-

128 1370 217 1421 rctua
238 1376 264 1418 c.
282 1357 304 1420 l.
335 1358 391 1439 qui
412 1357 451 1418 fic
473 1356 609 1418 indicet:
644 1350 711 1421 ἔστι
731 1352 872 1421 Κίλισσα
897 1349 993 1430 πόλις
1018 1352 1051 1420 ἓν
1080 1342 1176 1441 δεξιᾷ

129 1453 308 1524 εἰσπλέοντι
333 1453 391 1521 τὸν
422 1454 571 1521 Κιλίκιον
597 1450 733 1523 κόλπον.
785 1459 865 1520 inde
896 1458 1024 1519 ducitur
1051 1454 1174 1542 gentile

126 1550 276 1634 Ῥωσεὺς,
299 1559 503 1642 (Stephanus
519 1571 552 1620 et
567 1557 679 1640 numi)
706 1573 777 1619 tum
791 1552 953 1638 Ῥωσικὸς,
976 1559 1084 1621 veluti
1099 1549 1173 1621 orro'·

12 1744 18 1753 .
128 1657 238 1735 πελος,
255 1660 458 1743 (Stephanue,
476 1661 714 1722 Ptolomaenrc.
725 1660 763 1737 l.)
785 1656 932 1748 κέραμος,
950 1680 1050 1743 quem
1068 1658 1173 1721 laudat

131 1762 315 1825 Athenaeus
332 1760 387 1823 lib.
402 1763 438 1831 6,
454 1775 487 1839 3.
501 1782 533 1844 p.
548 1781 593 1823 ru.
609 1777 693 1839 229.
717 1777 750 1822 et
767 1751 1009 1825 εὐανθέστατον
1027 1774 1125 1827 vocat
1141 1759 1174 1823 in

131 1863 213 1926 luxu.
241 1861 458 1945 sumtibnsque
483 1862 670 1943 Cleopatrae
695 1863 879 1926 nononis.-
911 1862 1015 1925 Porro
1040 1857 1174 1939 Ῥὼσιος

129 1958 227 2052 λιμὴν
261 1980 533 2026 commemoratur
558 1983 575 2024 a
601 1963 764 2055 Polyaeno
787 1973 821 2043 4.
847 1961 879 2030 6.
903 1981 938 2044 9.
990 1964 1106 2029 Hodie
1129 1961 1174 2025 ibi

129 2067 230 2128 multa
244 2066 356 2128 rudera
372 2063 511 2149 conspici
526 2084 564 2127 ex
579 2066 713 2125 aliorum
728 2065 859 2146 quidem
871 2064 1086 2137 sermonibus,
1112 2062 1174 2150 ipit

130 2168 182 2229 iila
211 2170 341 2252 regione
365 2167 490 2237 relicta,
521 2179 716 2251 cognoverat
739 2164 903 2236 Pococke,
934 2168 994 2246 (T.
1014 2183 1050 2229 u.
1073 2190 1108 2250 p.
1128 2186 1173 2229 m.

99 2315 101 2318 -
133 2270 238 2347 264.)
263 2269 320 2350 qui
339 2282 373 2330 et
390 2269 503 2330 urbem
527 2265 625 2352 ipsam
652 2268 685 2327 in
716 2269 903 2351 cognomini
928 2282 1042 2331 monte
1067 2269 1173 2352 ponit.

131 2368 228 2435 Certe
242 2386 336 2430 mona
352 2369 505 2431 iihoficue
528 2363 728 2451 (σκόπελος)
748 2369 851 2430 nautio
870 2368 1018 2431 innotuit
1035 2372 1178 2432 nominc

83 2458 85 2463 ⁴
133 2469 335 2550 Capu-Hog.
362 2483 398 2530 ut
416 2470 504 2531 idem
519 2467 615 2534 refert
628 2471 670 2533 T.
685 2484 719 2532 2.
736 2489 768 2552 p.
785 2489 829 2534 m.
844 2473 929 2551 263.
945 2471 1030 2543 eliac
1055 2472 1175 2537 eodem

132 2571 224 2641 telle,
250 2567 334 2630 labri
354 2560 476 2661 Totose.

207 2769 369 2855 Lycos)
404 2768 458 2835 Sic
473 2784 505 2832 et
523 2772 643 2837 Graeci.
677 2774 820 2845 Fiuebat,
843 2775 926 2842 inter
942 2774 1178 2854 Palaebybluut

131 2869 189 2958 (ut
223 2892 282 2956 pro
316 2874 448 2957 vulgato
466 2868 613 2950 Βύβλος
638 2875 756 2937 habent
781 2874 912 2958 Mssti)
944 2890 978 2938 et
1001 2876 1177 2957 Berytum.

133 2975 267 3060 (Strabo
288 2972 345 3038 tib.
367 2976 421 3040 ιδ.
437 2995 478 3058 p.
500 2989 584 3052 520.
601 2974 621 3038 i.
641 2974 746 3056 755.)
796 2976 967 3041 consentit
988 2978 1119 3041 Ptintun
1143 2991 1176 3058 5,

140 3093 196 3161 17.
211 3075 232 3140 i.
244 3093 302 3139 20.
327 3089 450 3139 tantum
467 3080 553 3158 quod
569 3078 638 3163 post
646 3079 800 3158 Berytum
816 3079 951 3142 ostendit
968 3079 1053 3141 inter
1072 3082 1177 3143 Leon·

134 3193 193 3242 ton
217 3178 372 3261 oppidum
396 3191 430 3240 et
453 3178 621 3258 Berytuut.
675 3179 810 3243 Flumen
836 3180 924 3240 Lenu
956 3180 1017 3241 elie
1045 3183 1181 3245 ridetot

135 3282 220 3365 apud
240 3280 461 3344 Ptolemaeum
480 3294 512 3357 5,
537 3293 591 3358 ι5.
622 3283 693 3363 quia
715 3281 901 3364 proximum
924 3281 971 3342 illi
994 3278 1071 3344 iacit
1091 3286 1178 3346 Ado·

136 3383 412 3450 uidemfluvium.
435 3383 491 3463 qui
505 3382 589 3466 apud
605 3383 747 3444 Plinium
766 3384 873 3461 Lycon
890 3381 1038 3464 sequitur.
1077 3383 1180 3445 Neri·

136 3482 275 3568 gabilem
301 3480 372 3542 facit
393 3482 504 3545 Strabo
533 3484 586 3547 16.
608 3505 639 3566 p.
657 3495 743 3563 519.
765 3482 789 3546 i.
806 3497 890 3560 755.
923 3499 956 3546 et
979 3485 1065 3547 inter
1093 3485 1179 3551 ditor

10 3638 15 3649 ,
137 3597 267 3646 montes
288 3585 474 3667 praecipiter
491 3584 525 3645 in
539 3604 626 3647 *mare
641 3586 751 3648 evolvi
768 3599 871 3646 narrat
885 3582 1056 3647 Manndrel
1072 3606 1104 3669 p.
1115 3599 1178 3666 48.

138 3686 200 3770 (Τ.
220 3706 248 3747 ι.
267 3686 300 3747 in
313 3685 431 3774 Paulus
445 3687 635 3771 Satnmlung
651 3681 720 3768 -)
758 3687 912 3748 Tractum
933 3705 1050 3751 corum
1067 3688 1178 3753 exciti·

136 3787 269 3869 rupibus
282 3787 437 3870 pervium
459 3784 561 3850 feciffe
579 3789 780 3850 Antoninum
803 3786 1052 3870 philosophum.
1079 3792 1180 3853 etiarn

8 3891 11 3899 '
137 3888 242 3950 adhuc
266 3903 477 3951 monumenta
497 3888 663 3962 tollantur,
697 3891 747 3951 uti
772 3902 862 3965 notat
888 3887 985 3951 etiarn
1013 3889 1178 3964 Manum.

140 3989 256 4073 Geogr.
274 3990 344 4052 Vol.
363 3991 397 4053 6.
417 3987 456 4054 P.
477 4008 505 4053 ι.
529 4011 561 4073 p.
580 4002 663 4067 381.
691 3989 747 4054 etii
767 3992 932 4054 Aurelium
955 4007 1118 4055 memoret
1140 4010 1180 4057 ex

136 4088 342 4177 inscriptione
362 4088 515 4179 Pococire
536 4091 634 4157 Tum.
651 4112 691 4176 p.
719 4112 763 4154 m.
793 4101 874 4176 ¹34·
926 4093 1035 4157 Hodie
1062 4095 1180 4167 Arabea
