2634 4716
274 423 631 491 turnucum.
670 423 754 485 ua
787 423 905 487 cot
947 425 1028 499 ss.
1108 436 1197 504 ῳ,

129 605 214 666 tecta
232 578 408 685 prostant.)
444 595 513 685 Qui
533 593 572 661 iu
586 597 723 663 Graecia
745 597 931 673 subsistunt,
957 597 1176 665 Grammatici

131 699 309 789 inprimis
332 692 470 772 Grieci,
503 690 665 786 petunt'a
690 697 807 790 eupit,
843 704 932 789 quasa
954 703 1110 788 Iosephus
1131 700 1176 767 iis

130 807 226 869 velut
246 800 408 889 granariis
430 802 507 865 usus
530 801 649 876 fuerit,
679 805 858 889 (Stephon.
872 806 907 867 h.
920 825 954 868 r.
969 796 1111 885 Etymol.
1126 806 1175 869 M.

130 931 165 995 p.
184 908 288 997 ⁶9⁷7)
314 905 405 992 quod
424 925 489 969 nec
511 901 740 968 exstructionis
754 903 941 991 impensae,
965 928 1029 971 nec
1045 922 1176 991 ternpus

114 1006 300 1093 -tadmittit3
325 1009 380 1069 vel
395 1027 414 1068 a
427 1005 510 1094 πῦρ,
531 1006 622 1093 quod
638 1007 680 1068 ad
693 1004 781 1090 ignis
796 1005 940 1093 speciem
954 1009 1177 1071 adtenuentur
1290 1029 1294 1040 ·

131 1108 171 1173 in
186 1128 320 1174 conum.
348 1104 525 1193 (Ammian.
542 1106 727 1172 Marcellin.
747 1127 804 1181 ue,
826 1115 895 1188 ¹5·)
927 1111 1027 1174 Plura
1043 1111 1085 1173 ad
1100 1113 1176 1174 Am·

132 1209 238 1277 mian.
256 1231 284 1274 c.
298 1212 320 1272 1.
338 1207 432 1272 dabit
443 1213 598 1293 Wagner.
615 1208 754 1274 Allatius
768 1211 810 1273 ad
823 1209 1001 1275 Philonem
1015 1211 1057 1273 dc
1076 1228 1096 1286 7
1113 1204 1176 1274 mi·

133 1309 256 1376 reculis
274 1335 310 1396 p.
332 1313 443 1392 2654.
465 1307 520 1390 (in
546 1313 693 1378 Gronov.
717 1310 796 1377 thes.
819 1314 890 1376 Vol.
907 1318 961 1394 8.)
995 1315 1112 1394 Heyne
1135 1312 1180 1376 ad

135 1410 276 1479 Guthrie
293 1410 364 1475 hisl.
379 1413 450 1474 Vol.
472 1434 502 1475 ι.
526 1428 567 1478 ut
585 1429 789 1499 praeteream
804 1412 899 1477 alios.
941 1416 992 1479 Ad
1006 1411 1179 1499 Aegyptia.

136 1534 211 1581 cam
230 1512 398 1598 originem
414 1530 592 1577 revocatur
607 1513 730 1578 verius.
769 1513 826 1579 Sic
841 1532 873 1578 et
890 1516 931 1578 de
948 1514 1181 1580 conditoribus

135 1614 228 1687 varia
244 1617 431 1688 traduntur,
450 1620 564 1701 quales
581 1616 656 1679 sunt
671 1610 847 1711 Israelita,
863 1618 1039 1703 (Iosephus
1053 1615 1181 1703 antiqu.

135 1715 263 1784 ludaic.
283 1737 315 1799 o,
338 1736 374 1800 9,
399 1740 429 1779 1.
462 1716 505 1780 cs.
527 1715 682 1782 Perizon.
704 1716 834 1803 Origin.
853 1721 989 1805 Aegypt
1011 1739 1082 1803 cap.
1101 1723 1195 1798 ιι.)

135 1813 295 1912 Iosephus
339 1821 545 1905 (Etymolog.
559 1821 607 1883 M.
623 1840 653 1882 c.
669 1822 713 1898 l.)
745 1836 779 1882 et
797 1818 934 1885 suerunt
951 1842 991 1883 ex
1011 1821 1086 1884 saxo
1103 1819 1182 1883 stru·

135 1938 228 1994 ctae,
262 1940 342 1984 curn
364 1917 529 1983 lsraeliurc
552 1923 678 2004 tegulas
698 1936 828 1986 tantum
851 1936 885 1990 et
901 1923 1016 1986 asseres
1037 1941 1184 2007 coquere

138 2037 354 2107 cogerentur,
390 2037 425 2084 et
444 2018 481 2082 in
502 2022 640 2106 losepho
660 2019 724 2085 alia
743 2023 838 2108 supra
855 2041 1113 2087 commemorata
1132 2044 1183 2087 re·
1273 2088 1279 2097 ,

120 2106 307 2211 Ῥιιςιιιιιῐς
332 2119 586 2207 Aegyptireges,
602 2120 638 2185 in
655 2119 697 2185 iis
707 2125 840 2196 Moeris,
854 2125 1028 2203 (Herodot.
1041 2145 1073 2196 u.
1089 2129 1185 2204 ror.)

140 2228 279 2308 Cbeops,
302 2223 406 2303 (idern
419 2230 561 2305 tsnitu.)
585 2224 755 2289 Chemmis.
781 2222 934 2303 (Diodor.
945 2223 1047 2288 Sicul.
1067 2249 1096 2297 ι.
1110 2228 1185 2305 63.)

138 2329 233 2391 naec
248 2323 384 2410 quidem
403 2324 444 2387 de
465 2323 611 2389 maxima
632 2326 674 2388 ad
686 2327 822 2389 Melam.
860 2329 946 2389 Nam
959 2324 1039 2389 alias
1056 2324 1113 2389 alii
1132 2348 1187 2390 ex·
1207 2362 1209 2367 ·

140 2429 337 2492 struxerunt.
387 2424 540 2512 Aegyptii
557 2438 669 2491 tamen
684 2425 787 2491 hodie
804 2425 952 2511 gigantes
966 2425 1094 2492 iactant
1108 2448 1188 2493 con·

141 2528 289 2600 ditores,
315 2546 416 2614 quam
437 2529 585 2591 fabulam
602 2531 737 2613 explosit
757 2530 894 2593 Norden
910 2552 943 2616 p.
964 2532 1029 2595 261
1052 2530 1097 2616 sq.
1137 2532 1188 2593 stc

141 2629 234 2695 enim
251 2627 287 2692 in
304 2627 402 2692 valtis
416 2628 599 2717 arduisque
614 2629 760 2694 molibus
779 2648 812 2694 et
831 2629 994 2695 aedificiis
1013 2631 1056 2695 ad
1075 2629 1189 2716 gigan·

141 2749 211 2804 tes,
236 2734 290 2793 vel
305 2733 458 2815 cyclopes
474 2732 655 2816 confugere
672 2733 796 2805 solent,
822 2733 864 2797 dc
878 2753 946 2820 quo
959 2732 1001 2798 cs.
1019 2731 1191 2797 Wincltel·

140 2855 245 2900 monn
269 2835 353 2897 iiber
378 2831 434 2896 die
457 2834 628 2898 Baultunst
652 2834 711 2898 der
733 2837 830 2899 Alten
848 2857 889 2918 p.
912 2859 967 2898 11.
1008 2833 1096 2898 Alias
1111 2837 1190 2899 Ara·

141 2939 281 3000 humet
305 2931 525 3019 Copticorunr
552 2933 727 3019 opiniones
756 2936 903 2999 recenset
924 2938 1063 3020 Allgem.
1086 2939 1191 3001 Welt·

144 3038 261 3102 Gesch.
276 3037 347 3098 Vol.
369 3060 398 3098 1.
419 3057 452 3120 p.
465 3048 548 3114 387.
580 3039 698 3122 Neque
711 3034 966 3121 hioxpraeterire
982 3039 1089 3100 debeo
1107 3038 1191 3101 duas

143 3137 343 3224 opiniones,
378 3158 460 3223 quas
481 3135 648 3201 recentior
673 3154 762 3201 aetas
790 3134 878 3200 tulit.
927 3139 1056 3222 Nempe
1080 3141 1192 3202 Bmce

143 3240 264 3306 Reisen
280 3242 322 3302 T.
345 3262 375 3300 1.
391 3260 424 3323 p.
447 3241 527 3303 106.
543 3236 672 3302 nativas
687 3260 786 3324 rupes
804 3236 886 3301 olim
901 3235 995 3300 fuisse
1009 3254 1114 3322 putat,
1132 3241 1191 3302 ho·

144 3341 278 3407 minum
311 3360 411 3425 opera
438 3339 481 3402 ad
506 3338 704 3404 hodiernam
736 3340 880 3404 fonnem
905 3338 1045 3416 excisas3
1086 3337 1193 3405 Witto

145 3447 252 3526 (iiber
274 3442 340 3505 den
364 3440 532 3526 Ursprung
554 3442 614 3505 der
633 3439 833 3522 Pyramiden
856 3464 890 3528 p.
918 3461 964 3508 oo
982 3442 1071 3530 sqq.)
1103 3442 1192 3507 sucta

147 3563 256 3613 terrae
284 3542 493 3608 concusfioue
519 3540 556 3606 in
582 3546 686 3607 altum
712 3543 855 3606 extrusas
878 3540 973 3607 fuisse
995 3544 1132 3628 operose
1158 3558 1193 3609 et

149 3645 310 3714 ouilibus
333 3643 492 3728 exemplis
514 3645 678 3709 adstruere
699 3643 835 3721 nititur;
869 3644 1031 3709 refutatus
1052 3661 1086 3708 et
1107 3643 1194 3708 deri·

149 3752 223 3823 sus,
254 3744 384 3810 siserio
407 3742 464 3809 illa
485 3743 666 3833 scripserit,
682 3768 720 3826 ¹u
741 3745 893 3810 Niebuhr
914 3744 952 3809 in
974 3730 1051 3810 deb
1073 3748 1195 3810 Neueu

149 3850 341 3917 Deutschen
362 3849 516 3911 Museurn
538 3868 590 3911 an.
621 3865 727 3929 1790.
751 3850 788 3911 P.
810 3871 864 3912 ro.
891 3869 924 3931 p.
941 3849 1014 3927 963
1037 3847 1105 3933 sqq.
1157 3844 1194 3911 Si

150 3970 283 4038 tempus
299 3951 462 4037 spectetur
477 3948 634 4035 propius,
659 3953 745 4013 ultra
761 3947 1065 4034 Hieroglyphorum
1078 3945 1194 4011 inven-

151 4054 282 4124 tionem
308 4043 352 4117 id
375 4052 614 4142 proferendum
642 4067 739 4140 putat
761 4051 898 4119 Norden
923 4046 1025 4117 usito
1047 4071 1081 4138 p.
1112 4061 1195 4135 154.
