2634 4716
162 469 165 475 ·
247 392 980 545 aurorae.rnui„'1„t'1c.r.te.‘
1091 448 1132 524 tq
1220 422 1224 431 “

115 619 223 706 ,'13.]
267 620 388 683 Seneca
408 619 487 680 dicit
505 618 660 712 gestatam
682 633 715 683 et
730 611 947 712 sustentatam
969 621 1045 685 Nat.
1064 610 1160 707 Qu(
1217 656 1223 663 ·

112 733 126 795 ἑ,
149 724 182 787 6.
210 721 267 782 ubi
285 720 390 792 addit,
415 720 584 784 Thaletem
600 721 762 793 iudicasse,
787 738 902 785 terram
917 722 1060 785 subiecto
1074 725 1135 786 hu·
1220 782 1223 786 ,

112 845 182 888 rore
205 825 325 906 portari
351 835 385 885 et
405 822 558 886 innatare.
602 843 625 884 1.
652 838 853 887 cnonovrve
875 825 952 887 MS.
1003 826 1136 889 Exstane
1206 880 1208 885 .

112 925 287 1009 onspicitur
305 944 344 987 ex
360 924 526 987 veteribus
546 924 760 1010 philosophie.
789 929 845 1008 qui
867 926 978 988 orbem
995 914 1148 989 confide-'1

112 1043 162 1090 ant
195 1026 357 1109 tamquam
387 1022 524 1087 formam
549 1047 682 1111 magnae
709 1013 791 1090 narie
825 1027 1051 1099 exhibentem,
1084 1028 1139 1090 vel

112 1130 230 1199 iobum
258 1131 415 1214 ligneum.
469 1127 577 1191 Festus
602 1130 638 1189 in
663 1148 743 1210 voce
769 1120 928 1220 sublimis.
973 1148 1139 1190 evannu-

120 1252 157 1293 ve
182 1230 258 1292 MS.
310 1231 359 1290 De
378 1229 430 1289 iila
450 1230 594 1292 Thaletis
615 1227 770 1311 opinione
794 1229 834 1292 ci.
860 1232 957 1292 etiam
981 1230 1139 1315 Aristotel.
1230 1228 1265 1299 “,

112 1355 137 1396 1
152 1333 242 1394 coelo
260 1345 294 1400 1,
313 1344 370 1410 13.
398 1343 431 1392 et
446 1332 565 1411 Seneca
585 1333 620 1392 in
639 1331 712 1393 Nat.
733 1333 799 1414 Qu.
819 1345 852 1411 3,
877 1347 934 1410 13.
959 1332 1024 1404 ubi,
1051 1332 1141 1414 quod
1263 1336 1265 1340 '

112 1448 188 1497 ntea
212 1430 328 1519 iecerat
351 1430 550 1503 Aristotelea,
581 1447 614 1495 et
637 1435 670 1494 in
695 1435 794 1516 priori
814 1434 885 1496 loco
908 1455 978 1495 earu
1001 1431 1142 1496 renatare

113 1551 240 1605 onatur,
268 1533 355 1614 qnod
372 1548 593 1596 terraemotus
607 1536 684 1596 inde
705 1536 854 1617 explicari
869 1535 955 1617 poiie
976 1536 1031 1598 ille
1051 1550 1141 1618 puta·

112 1657 154 1711 at,
180 1639 240 1706 uti.
266 1635 342 1698 teste
365 1635 538 1697 Plutarcho
560 1636 601 1698 de
626 1638 748 1718 placitis
770 1635 991 1719 philosophor.
1024 1648 1056 1717 3,
1084 1649 1142 1715 15.
1200 1691 1202 1694 .

112 1741 314 1802 ieruocritus.
367 1739 415 1799 Ita
435 1755 515 1800 vero
539 1739 635 1799 etiam
660 1739 747 1800 Zeno
767 1739 851 1820 apud
866 1740 1013 1821 iiiogen.
1036 1739 1142 1801 Laert.

112 1859 135 1915 r,
162 1853 222 1919 81.
250 1837 376 1916 [155.
407 1833 467 1924 τὴν
496 1838 556 1923 γῆν
587 1835 617 1902 ἐν
647 1832 743 1903 ὕδατι
772 1830 1053 1903 aiunt-tradiderat
1078 1840 1145 1901 alii·

112 1962 161 2027 1ue
181 1945 301 2025 piures.
335 1940 458 2003 Plinius
473 1957 507 2011 1,
523 1942 581 2004 66.
594 1924 598 1940 ’
609 1943 642 2001 in
658 1954 728 2003 toto
740 1932 805 2032 suo
821 1938 915 2022 globo
932 1940 1028 2002 tellus
1040 1941 1145 2003 medio

112 2044 224 2111 ambitu
252 2044 438 2126 praecincta
467 2037 716 2134 esicircumflno
741 2045 833 2106 meri.
885 2044 977 2105 Idem
1000 2059 1033 2114 1,
1062 2059 1143 2107 111.
1254 2031 1255 2035 “

112 2140 125 2211 ’.
150 2157 231 2222 ¹08·
256 2143 385 2206 Oceano
402 2143 487 2204 nodet
500 2145 649 2205 innatare
664 2145 751 2206 dicit.
778 2140 923 2230 Πλωτὴν
940 2134 1020 2207 εἶναι
1038 2137 1147 2232 ὥσπερ
1178 2125 1184 2148 ”

112 2239 208 2324 {dior
229 2241 470 2308 vetustiffimam
487 2243 576 2307 iuiiie
592 2248 781 2327 opinionem
799 2258 927 2307 auctore
945 2244 1080 2308 Thalete
1100 2267 1148 2308 re·

112 2347 168 2412 [ert
186 2348 407 2410 innotuere.
428 2338 451 2408 1'.
504 2347 589 2408 Loca
606 2347 707 2419 multa
728 2346 817 2407 dedit
834 2346 958 2430 Lipsius
971 2349 1004 2406 in
1021 2347 1149 2428 physio·
1268 2422 1271 2427 Ι

112 2453 192 2536 [ogia
215 2451 398 2514 Stoicorum
419 2447 477 2509 lib.
497 2464 529 2512 2.
549 2446 667 2509 differt.
693 2461 749 2522 27.
803 2447 888 2508 Hinc
912 2445 1009 2529 ipsam
1035 2462 1152 2509 terram
1213 2448 1219 2469 ¹

112 2553 201 2616 multi
216 2550 351 2613 insulam
366 2565 501 2620 vocant,
527 2560 564 2610 ut
578 2547 693 2613 Cicero
711 2549 752 2611 de
768 2546 843 2612 Nat.
860 2550 958 2612 Deor.
983 2565 1014 2619 2.
1033 2551 1093 2613 66.
1113 2550 1150 2611 in

112 2657 220 2720 iomn.
234 2655 317 2734 scip.
335 2662 362 2713 c.
380 2651 414 2714 6.
441 2651 481 2713 ad
496 2670 593 2734 quem
611 2648 650 2712 ci.
668 2648 851 2712 Macrobioe
868 2665 900 2718 1.
916 2668 951 2730 9.
982 2650 1101 2713 Strabo·
1120 2672 1149 2722 1,
1214 2636 1222 2703 ἰ

112 2779 139 2842 p.
158 2770 192 2835 3.
215 2753 239 2817 i.
257 2768 291 2831 5.
326 2751 461 2834 Dionys.
488 2764 578 2837 1.,4.
610 2766 706 2815 etex
733 2771 771 2814 eo
795 2749 972 2813 Priscianus
995 2773 1028 2814 v.
1051 2770 1087 2832 9.
1119 2765 1153 2815 et

112 2860 257 2922 Avienus
284 2876 318 2917 v.
345 2870 401 2917 11.
453 2855 527 2918 Vid.
552 2854 677 2919 Politut
700 2856 735 2915 in
757 2851 966 2915 animadvers.
990 2856 1023 2914 in
1047 2854 1153 2916 Eusta-

112 2961 218 3021 thium
240 2958 277 3018 ad
300 2955 435 3038 Dionys.
456 2955 513 3020 lib.
537 2970 667 3020 1.1.1.
688 2976 722 3040 p.
743 2954 826 3020 161.
853 2968 886 3018 et
909 2974 991 3037 quae
1010 2952 1092 3018 infra
1114 2957 1155 3019 ad

112 3067 141 3143 §.
164 3076 196 3142 3.
220 3071 383 3122 notantur.

189 3259 430 3345 eodemque)
478 3259 678 3324 Sententiam
692 3259 865 3343 explicavit
879 3258 1001 3342 Lipfiue
1021 3260 1054 3320 in
1070 3259 1156 3341 Phy-
1223 3302 1228 3311 .

116 3366 247 3450 fioiogia
265 3366 448 3426 Stoicorum
467 3360 525 3424 lib.
543 3379 573 3424 1.
590 3359 657 3424 diii.
679 3376 734 3438 17.
788 3360 916 3444 Nempe
937 3375 1052 3422 terram
1074 3362 1158 3424 dice·

114 3469 194 3530 bant
215 3467 337 3548 duplici
362 3464 491 3527 Oceano
512 3463 619 3525 dividi
642 3475 675 3526 et
696 3462 788 3525 velut
814 3462 983 3536 decuffari3
1016 3465 1159 3545 priorem

115 3569 177 3633 effe
193 3567 299 3651 ipsum
314 3587 428 3628 verum
443 3584 597 3650 magnum
614 3563 797 3637 Oceanum,
823 3566 879 3648 qui
899 3579 1013 3626 terram
1032 3565 1070 3625 ab
1087 3579 1160 3626 ortu
1215 3600 1218 3605 -

117 3675 156 3734 ad
180 3668 323 3732 occasum
348 3664 409 3757 [ci.
425 3680 459 3730 et
474 3667 632 3730 Herodot.
649 3681 683 3747 4,
701 3660 758 3752 8.]
784 3668 923 3729 mediam
944 3666 1077 3736 dividit,
1105 3665 1160 3726 suh

118 3772 181 3857 ipsa
203 3792 285 3833 zona
306 3771 440 3841 torrida,
474 3770 497 3833 i.
514 3789 543 3831 e.
566 3762 621 3830 sub
644 3781 829 3851 aequatore;
865 3769 1016 3837 aiterum,
1042 3770 1096 3848 qui
1121 3767 1161 3828 ab

120 3856 175 3938 illo
200 3891 291 3935 ortuo
315 3873 450 3935 eandem
475 3885 590 3933 terram
614 3885 702 3953 parte
728 3870 822 3933 altera
850 3870 991 3930 mediam
1019 3868 1098 3930 secat
1122 3868 1162 3930 ab
1203 3930 1204 3935 ,

120 3979 223 4039 austro
243 3979 274 4034 in
291 3972 542 4055 septemtriones.
594 3973 704 4054 ltaque
726 3971 845 4053 duplici
865 3971 928 4032 hoc
943 3969 1073 4033 Oceano
1091 3972 1163 4033 'tota

121 4093 201 4140 terra
225 4077 375 4137 scinditur
392 4077 425 4135 in
447 4087 550 4156 partes
566 4086 716 4155 quatuor,
741 4073 763 4134 i.
778 4092 807 4135 e.
827 4073 965 4134 totidein
987 4070 1118 4144 insulae,
1144 4092 1164 4134 e

121 4183 235 4264 quibus
253 4197 351 4240 unam
367 4177 520 4240 duntaxat
533 4194 594 4241 nor
615 4169 805 4265 britiumue.
857 4175 944 4238 Loca
962 4186 1110 4238 veterum
1133 4187 1168 4239 et
