2634 4716
195 422 247 480 ut
273 421 412 479 POMP.
440 420 547 479 Met.
586 422 669 479 1.1.
710 420 830 479 (ΗΠ.
873 421 950 490 Μ·
1033 433 1098 501 871

56 610 112 660 tur
127 588 275 681 Βόστρυν
293 595 346 657 vei
365 586 511 681 Be'rpue;
538 587 692 682 Βοτρυών
711 614 751 657 ex
768 597 882 658 concil.
902 595 1098 662 Chalcedon.

58 713 120 763 ect.
140 698 174 762 6.
205 708 294 759 notet
318 695 462 758 Holsien.
487 698 521 756 in
548 694 663 758 Or'relit
693 695 827 760 thesaur.
850 697 968 783 Geogr.
989 720 1023 782 p.
1038 713 1099 778 33.
1221 686 1224 699 ¹

59 801 116 864 etsi
147 817 207 881 pro
239 797 428 885 Berpnr'ieor
455 797 628 881 legendnm
665 796 726 861 esse
753 789 908 886 Berpriwv
938 801 1099 884 ingenit.

59 903 156 964 docet
174 900 336 963 Relendue
355 900 389 960 in
408 898 576 961 Palaestine
597 898 653 961 lib.
673 913 706 979 3.
726 921 758 982 p.
774 906 819 962 ro.
838 912 921 980 394.
962 897 1101 973 Gentile.
1217 902 1221 909 “

60 1002 139 1067 teste
155 1001 335 1083 Stephano.
361 999 645 1081 comprobantibus
665 1003 774 1064 numit
788 998 988 1089 Berpuryee'r.
1015 1005 1102 1065 nnde
1214 1064 1218 1073 ,

60 1102 166 1167 simui-
184 1102 281 1185 iptiue
314 1101 400 1173 urbie
426 1099 574 1183 scriptura
600 1102 801 1165 diiudicetur.
866 1103 915 1164 Ab
942 1104 1102 1176 lthobeio,

60 1206 239 1286 Tyriorum
265 1223 357 1288 rege,
391 1201 504 1265 urbem
533 1188 697 1265 conditam
721 1204 780 1266 esse
805 1203 898 1265 tradit
922 1204 1046 1287 ioseph.
1067 1208 1103 1269 in

60 1307 187 1388 antiqu.
202 1306 273 1367 iud.
292 1317 326 1383 3,
345 1318 400 1383 13,
419 1320 453 1367 2.
481 1303 574 1365 Nihil
588 1320 747 1387 praeterea
763 1303 972 1369 memorabile
987 1305 1103 1372 obsett.

56 1408 174 1473 'Hodie
190 1407 328 1470 creditur
342 1405 402 1471 eise
415 1408 569 1471 Patrone.
595 1403 648 1472 cf.
657 1405 807 1471 Pococke
822 1408 862 1471 Τ.
872 1423 906 1472 2.
920 1429 951 1491 p.
962 1427 1007 1472 m.
1021 1419 1103 1490 144.
1215 1412 1218 1419 '

145 1607 352 1693 Tripolis)
391 1609 446 1672 Gr.
465 1606 631 1698 Τρίπολις.
666 1607 798 1674 Nomen
813 1610 877 1673 hoc
897 1624 985 1674 necte
1001 1610 1045 1673 esi
1065 1630 1106 1674 ex

65 1712 166 1776 trium
188 1713 317 1774 urbium
338 1712 489 1781 coloniie.
523 1713 610 1776 unde
635 1712 809 1782 constabat.
836 1713 947 1785 Aradi,
973 1714 1052 1791 Tyri
1072 1726 1116 1776 er.
1207 1702 1212 1713 ⁸

61 1813 208 1880 Sidonio.
235 1815 348 1894 Scysex
362 1824 465 1897 ρ.4ι.
476 1812 498 1878 s.
515 1811 616 1879 Huds.
642 1813 754 1876 Strabo
775 1812 1105 1901 16.p.519.s.754.

65 1917 202 1980 Diodor.
223 1916 276 1984 ιδ.
297 1926 357 1995 41.
381 1946 429 1971 -v
452 1934 549 1997 quere
563 1915 687 1976 Plinius
703 1912 930 1992 5.17.s.2o.
959 1916 1106 1999 Tripolis,

65 2018 191 2099 inquit,
222 2036 318 2100 quem
341 2016 430 2098 Tyrii
449 2029 481 2077 er
496 2015 621 2077 Sidonii
639 2028 671 2077 et
695 2014 810 2079 Aradii
828 2015 983 2081 obtinent.
1034 2019 1106 2081 Sin·

66 2119 177 2204 gulae,
208 2118 294 2200 quod
318 2116 447 2201 singulie
471 2115 574 2178 siediie
599 2117 737 2200 adtingit
758 2117 859 2186 Melo,
891 2120 992 2180 morie
1016 2132 1108 2181 erent

68 2217 205 2290 divitae,
228 2219 372 2296 (Scylax,
395 2218 530 2279 Diodor.
549 2237 576 2278 c.
595 2217 722 2293 c.l.1.)
746 2217 812 2286 esst,
838 2220 909 2297 quie
926 2220 1023 2280 nniue
1038 2234 1107 2282 ten·

67 2336 143 2385 tom
155 2321 256 2383 hodie
267 2319 396 2404 vestigia
408 2320 619 2401 reperiuntur,
637 2318 677 2378 de
690 2337 729 2379 eo
745 2319 980 2381 dubitationem
995 2334 1109 2383 movet

67 2424 175 2494 show,
199 2440 323 2504 voyage
338 2422 378 2481 T.
396 2436 428 2482 n.
445 2440 478 2502 p.
493 2437 548 2483 tt.
574 2416 768 2481 adsentiente
782 2418 945 2482 Pocockio
962 2422 1061 2486 Tem.
1072 2438 1107 2487 Ω.

68 2546 104 2609 p.
128 2524 207 2606 ι46.
236 2523 293 2582 uhi
309 2523 349 2583 de
362 2522 401 2582 iie
417 2521 506 2603 pluro
522 2518 634 2583 adfert.
672 2522 723 2582 De
741 2521 973 2583 distantiecrnn
991 2522 1106 2588 Nostro
1167 2575 1169 2585 .

68 2624 228 2689 consentit
244 2623 406 2685 Diodorus
424 2642 453 2685 c.
469 2623 491 2684 Ι.
514 2621 571 2683 ubi
588 2614 764 2693 σταδιαῖον,
791 2623 906 2704 inquit,
930 2619 986 2686 ἀπ’
1007 2620 1110 2712 isit}

68 2724 138 2794 λων
169 2721 284 2810 ἔχουσι
314 2716 493 2815 διάστημα,
526 2722 713 2804 causamque
739 2726 782 2785 ite
807 2725 998 2806 contposrtae
1023 2727 1111 2793 urbie

69 2827 162 2895 uidit
183 2829 281 2897 hanc.
314 2840 352 2886 ut
374 2828 409 2886 in
436 2844 609 2888 commune
632 2824 678 2885 ibi
698 2825 876 2888 Phoenicee
896 2825 1109 2895 consulerent

72 2931 184 2994 Situm
205 2931 274 2992 eine
290 2921 453 3011 (Λιβάνου
475 2920 546 3014 περὶ
564 2918 641 3001 τοὺς
657 2920 839 3012 πρόποὸας)
860 2929 1005 2990 edmero
1027 2932 1111 3013 opti·

70 3053 127 3097 me
143 3029 299 3114 descripsit
312 3028 434 3091 Phocea
447 3030 482 3091 in
498 3028 618 3091 Leonie
633 3027 736 3090 Alletii
750 3030 933 3105 symmictie
948 3032 989 3092 Τ.
999 3033 1058 3095 26.
1075 3034 1109 3097 in

71 3135 233 3216 scriptorr.
248 3132 381 3209 Bynnr.
397 3130 451 3194 ed.
460 3132 540 3194 Ven.
554 3149 586 3210 p.
598 3143 631 3207 3.
657 3129 707 3190 Re
718 3131 815 3190 etiam
832 3131 955 3191 nautica
972 3132 1110 3204 valuisse,

71 3236 211 3303 datam
229 3230 408 3316 Eiiogebeli
429 3249 564 3300 numne,
599 3232 633 3291 in
656 3248 721 3310 quo
741 3250 903 3317 ναυαρχις
925 3232 1109 3313 repellatur,

72 3335 225 3418 (Eckhei.
245 3337 345 3396 doctr.
362 3352 452 3396 nunt.
466 3332 504 3395 P.
521 3351 549 3394 t.
568 3331 638 3393 Vol.
655 3345 688 3408 3.
706 3351 739 3412 p.
750 3335 848 3409 375.)
869 3321 927 3393 sui
941 3351 980 3395 ex
996 3333 1112 3399 Wesse·

71 3440 177 3523 Iingio
193 3440 231 3503 eti
246 3435 403 3499 Antonini
424 3435 529 3498 itiner.
551 3453 584 3515 p.
606 3441 688 3512 149.
715 3431 824 3506 finiti·
842 3432 1014 3498 Cerecaisee
1037 3435 1113 3499 eddi

73 3539 191 3632 potest.
243 3537 342 3620 Quod
362 3533 460 3598 refert
481 3534 610 3596 Manlau
626 3534 661 3594 in
682 3533 851 3619 chronogr.
872 3535 927 3600 lib.
946 3545 981 3615 4.
1001 3558 1034 3621 p.
1052 3536 1112 3605 26.

75 3644 160 3709 Ven.
187 3638 243 3702 snb
267 3640 461 3720 Imperatore
482 3634 644 3699 Marciano
664 3632 784 3698 soeculo
804 3648 838 3713 5.
860 3651 958 3700 terrae
983 3653 1112 3711 motum
1220 3632 1223 3639 ¹

74 3758 206 3827 experte
226 3737 287 3810 est,
319 3741 372 3803 cui
393 3739 482 3801 eddit
506 3736 629 3800 historia
650 3735 748 3798 aliurn
770 3756 820 3801 tn.
844 3752 950 3813 ¹¹7⁰·
975 3751 1044 3802 rum
1061 3760 1112 3805 en.

84 3857 193 3928 1289.
208 3844 277 3905 eine
291 3840 537 3905 devastationem
551 3857 568 3900 e
582 3837 742 3901 Saracenis
757 3836 881 3909 sectam.
903 3839 989 3903 unde
1008 3855 1113 3907 temen

76 3945 149 4034 posi
175 3943 338 4009 instaurare
363 3940 418 4008 esi.
468 3938 689 4025 cognominet
711 3938 785 4002 eliae
810 3939 921 4011 urbes.
950 3941 986 4002 in
1012 3940 1116 4009 etrier

79 4049 230 4116 maxime,
249 4041 412 4109 recensent
427 4039 619 4129 Geogrephi.
652 4038 762 4105 Noiire
776 4041 874 4105 hodie
888 4061 905 4102 e
919 4043 1015 4108 veriie
1029 4046 1115 4107 varie

80 4150 228 4222 effertur,
253 4158 292 4210 nt
306 4166 325 4213 e
341 4145 457 4213 Tertio
475 4142 624 4231 Trepesi.
646 4140 805 4211 enitent
824 4139 1008 4221 Pernicies,
1030 4146 1116 4215 m.
