2634 4716
228 411 291 494 ²⁷⁶
468 384 663 472 'nonin
703 408 1020 471 exnonrrettr·
1097 398 1135 449 .··

229 601 395 673 propterea
422 585 467 650 iol
492 585 536 648 eli
560 586 693 669 propior
723 585 786 649 illie
812 589 915 649 terrie.
950 602 1146 649 onrvenrve.
1188 583 1278 648 linc

230 689 478 775 intelligendum
498 687 542 751 eii
562 687 603 749 de
617 686 726 750 hieme
740 685 852 773 notra,
876 688 1101 768 qnandonirca
1118 685 1189 748 Nili
1205 683 1277 748 ion·

229 805 278 857 teo
300 792 344 854 est
362 791 473 862 tellao,
508 803 542 852 et
559 789 640 850 radii
661 786 771 852 [olores
786 790 825 849 td
845 791 979 873 angulos
1000 802 1105 852 rectos
1125 784 1277 853 incidunt

229 894 266 957 in
288 907 402 956 terram
425 892 529 963 illam,
563 904 640 953 tunc
662 891 806 959 exlicctri
826 891 955 974 poliunt
975 891 1091 953 ardore
1113 887 1186 952 lolio
1207 888 1277 950 Nili

111 976 114 980 Δ
224 993 349 1060 fontes.
401 994 445 1055 At
459 1011 499 1055 eo
516 1005 679 1076 tempore.
710 992 839 1075 qnando
858 993 942 1075 apud
964 990 1084 1054 noeest
1104 989 1216 1062 aeliae.
1243 1004 1275 1053 et

230 1096 276 1160 iol
296 1095 357 1168 hie,
385 1096 440 1176 qni
459 1091 516 1155 [ub
533 1094 729 1177 Capricorno
745 1107 854 1179 egunt,
880 1095 976 1178 longe
997 1093 1090 1161 abeli.
1107 1105 1277 1177 nugentur

227 1215 326 1280 equae
343 1197 394 1257 .in
421 1197 475 1257 illa
500 1198 649 1280 regione,
687 1208 721 1256 et
752 1193 960 1259 intumescere
991 1191 1112 1256 iaciunt
1145 1193 1272 1256 Nilum.

222 1316 470 1365 inverterem.
523 1297 600 1360 Non
626 1298 715 1359 enim
747 1296 870 1378 lemper
895 1297 928 1357 in
953 1296 1065 1358 eadem
1092 1296 1274 1359 Eccentriei

228 1401 313 1463 linea
327 1395 483 1470 versetur,
509 1396 561 1460 led
577 1397 687 1461 uellate
703 1399 739 1459 ln
756 1394 906 1460 altiffimo
923 1410 956 1459 et
971 1393 1184 1460 remotiffimo
1201 1399 1273 1461 loco

20 1544 23 1554 ·
107 1562 113 1569 ,
229 1516 344 1566 eterra
359 1501 539 1585 extollitur:
564 1495 735 1581 Ἀπόγειον
757 1497 810 1563 seu
826 1502 951 1584 Augem
969 1497 1128 1583 Astrologi
1142 1512 1272 1561 vocant

229 1603 349 1665 Hieme
365 1621 441 1664 vere
456 1602 546 1665 terrie
565 1603 698 1684 propior
710 1599 755 1663 est
768 1600 944 1663 Eccentrici
961 1599 1152 1671 differentia,
1176 1602 1211 1662 id
1228 1600 1272 1664 etl

230 1703 393 1765 diametrie
410 1703 524 1764 xxiv.
551 1714 587 1762 nt
607 1702 709 1784 placet
726 1702 924 1764 Ptolemaeo.
965 1701 1053 1763 Non
1076 1701 1138 1764 effe
1162 1716 1281 1764 autom·

222 1801 316 1867 idem
333 1816 478 1865 centrum
498 1802 569 1865 lolio
589 1815 621 1865 et
642 1803 711 1884 poli
733 1821 773 1863 ex
789 1802 957 1865 Theoricie
975 1803 1176 1886 planetarum
1191 1804 1273 1865 ditli·

227 1907 340 1968 timue.
388 1905 474 1966 Hinc
497 1906 595 1968 etiem
622 1903 697 1965 lndi
721 1916 756 1965 et
779 1903 954 1985 Aethiopes
978 1901 1036 1963 iub
1063 1903 1271 1990 Capricorno,

226 2026 322 2091 qnam
341 2003 397 2066 iub
419 2005 546 2089 Cancro
566 2006 668 2090 magis
689 2004 817 2090 pernlli.
849 2023 1029 2084 ecnorrve.
1090 2044 1093 2049 -

273 2242 280 2256 κ
306 2200 509 2301 Etesiae)
569 2208 744 2292 Duplieern
782 2204 885 2270 adfert
916 2209 1151 2294 etymologiam
1183 2210 1272 2272 voeie

227 2311 379 2397 Hyginus
395 2313 429 2372 in
452 2322 541 2394 poet.
556 2310 670 2374 nilron.
687 2312 722 2392 2¹,
740 2319 775 2393 4.
792 2330 826 2393 p.
844 2321 931 2392 254.
957 2311 1080 2372 Stnver.
1096 2309 1136 2372 tb
1150 2304 1225 2384 ἔτός
1238 2325 1271 2373 et

225 2411 343 2485 ἀι’τέω,
369 2413 457 2474 unde
477 2412 608 2494 quidam
623 2408 766 2500 Aetesme
787 2413 969 2475 maluerint.
1021 2412 1122 2474 Addit
1142 2414 1269 2477 tertiam

225 2514 428 2576 Munckeme
458 2533 498 2574 ex
530 2513 665 2575 Theone
696 2516 731 2574 in
765 2512 897 2579 Artium
925 2535 958 2598 p.
983 2529 1041 2577 22.
1069 2513 1269 2593 (Phaenom.

223 2634 258 2678 v.
277 2614 381 2692 152.)
402 2613 442 2676 eb
456 2607 569 2693 ’ἑτεὸν,
594 2608 647 2676 διὰ
661 2607 701 2678 τὸ
716 2608 878 2703 μηδέποτε
892 2608 1120 2700 μεταβάλλειν
1135 2604 1269 2690 αὐτοὺς.

225 2708 307 2779 ὅταν
328 2711 345 2779 ὁ
366 2709 475 2801 καιρὸς
493 2704 606 2779 αὐτῶν
625 2711 730 2801 ἐνστῇ.
768 2715 832 2777 Sed
848 2716 916 2779 vid.
932 2718 975 2778 de
991 2718 1030 2780 iio
1044 2717 1183 2779 omnino
1200 2717 1269 2779 Me·

218 2830 293 2880 nut.
311 2817 351 2878 ad
367 2816 471 2881 Cicer.
494 2815 582 2899 epist.
606 2816 646 2878 ad
666 2814 782 2880 divers.
800 2832 834 2888 Ω,
856 2829 912 2897 ¹5·
937 2817 1088 2900 idemque
1109 2814 1268 2901 prolixius

222 2918 263 2979 ad
278 2919 340 2980 lul.
358 2916 445 2981 Cael.
461 2918 502 2979 de
518 2918 557 2979 Β.
575 2912 650 2981 civ.
671 2931 704 2997 5,
729 2933 809 2994 107.
837 2932 870 2981 et
891 2937 972 3001 quoe
993 2916 1084 2981 addit
1099 2920 1267 2984 Steveren.

222 3019 262 3081 ad
277 3017 400 3104 Hygin.
417 3039 445 3084 c.
463 3020 484 3081 l.
518 3015 629 3082 Latino
644 3015 784 3104 intelligi
800 3039 818 3082 e
836 3017 1012 3093 veteribus.
1029 3017 1146 3083 ‹lilerte
1167 3022 1269 3085 decla·

221 3135 269 3182 rat
284 3117 421 3184 Diodor.
439 3117 504 3184 Sic.
524 3141 553 3192 1,
571 3135 630 3201 59.
657 3117 780 3204 qnippe
799 3117 856 3202 qui
877 3119 984 3193 refert,
1009 3120 1078 3184 nnn
1096 3120 1180 3186 soloe
1201 3122 1266 3187 no·

222 3243 290 3286 reas
304 3239 360 3285 ant
374 3219 546 3305 Apnrctiae.
567 3219 875 3306 (septemtrionalee
886 3226 1023 3302 ventos)
1049 3221 1098 3286 led
1115 3236 1151 3286 et
1166 3227 1281 3311 Arge·-

222 3316 280 3387 steo
299 3324 461 3403 (Cauros)
478 3323 517 3386 eb
532 3322 642 3387 omnin
656 3320 775 3386 aellivo
792 3323 902 3387 flantee
916 3323 979 3388 hoc
996 3320 1131 3387 nomine
1145 3321 1263 3390 notari.

223 3422 275 3487 Cl.
297 3421 344 3484 ibi
365 3421 602 3511 Wellelingine.
628 3421 753 3487 Gellius
768 3441 801 3495 n,
822 3441 881 3488 on.
933 3424 1051 3488 Etesne
1073 3439 1163 3490 certo
1185 3424 1263 3491 enni

222 3538 369 3608 tempore
393 3545 466 3586 cum
488 3522 675 3590 Prodromie
695 3521 820 3590 oriente
840 3526 929 3592 cane
946 3547 986 3590 ex
1008 3522 1068 3588 elit
1083 3542 1181 3609 etque
1202 3526 1264 3592 nlla

222 3622 303 3689 coeli
322 3642 410 3708 parte
428 3624 542 3710 spirare
557 3624 648 3691 dicit.
701 3625 884 3691 Aristoteles
901 3625 955 3691 ille
970 3629 1013 3690 de
1031 3628 1162 3691 Mundo
1182 3649 1210 3692 c.
1225 3640 1261 3713 4.

219 3714 309 3818 μίξιν
332 3726 447 3790 ha'bere
468 3726 513 3791 eit
537 3729 604 3794 miv
622 3751 660 3793 re
681 3722 748 3794 <iri
771 3731 829 3813 τῆς
850 3721 976 3816 ἄρκτου
999 3727 1188 3819 &monitor
1205 3723 1262 3796 troi

220 3818 390 3916 ζεφύρων,
417 3844 449 3891 et
470 3850 528 3913 per
542 3831 687 3895 aestatem
710 3828 890 3902 dominari.
916 3843 953 3893 nt
975 3831 1102 3893 Notum
1119 3852 1178 3915 per
1194 3829 1262 3896 irie·

220 3951 320 3992 mem.
356 3925 428 3992 Vid.
447 3931 568 3994 Ludoli
579 3945 756 4023 comment.
771 3933 810 3994 nil
827 3929 898 3994 hill.
914 3930 1068 4016 Aethiop.
1086 3954 1115 4003 t.
1133 3935 1195 3999 62.
1211 3931 1257 3999 in.

218 4032 244 4095 A
262 4028 491 4114 septemtrione
511 4031 546 4095 in
567 4030 770 4098 occidentem
792 4048 827 4096 et
847 4030 925 4099 hinc
945 4032 982 4096 in
1003 4032 1257 4111 orientemferri

162 4182 167 4216 ,
217 4152 258 4197 ex
272 4128 450 4197 Aristotelio
470 4133 638 4204 Meteorol.
656 4151 691 4212 2,
707 4138 744 4203 6.
768 4135 906 4221 probare
923 4134 1044 4201 studuit
1065 4137 1196 4207 Mannt.
1217 4139 1257 4202 td
