2634 4716
177 402 280 482 ,⁸⁸⁸
481 393 646 456 ttoaaa
684 391 995 463 exeant-rata,
1102 406 1169 493 ᾗ,

288 578 412 632 natat
418 565 438 651 )
472 569 578 632 Prout
591 571 702 655 plures
718 567 841 634 insulae
856 586 1009 636 natantet
1024 581 1122 632 notat
1135 567 1264 633 habue-

212 666 284 735 rint
299 667 446 754 antiqui.
472 686 506 734 et
526 669 664 735 similem
680 670 823 737 insulam
838 671 875 736 in
888 676 967 737 lacti
979 666 1175 747 Vadimonis
1197 667 1262 734 Pli-

135 830 138 839 .
214 771 292 838 niue
307 769 395 856 epist.
416 789 474 836 ao.
500 789 533 835 et
547 771 615 856 ipse
627 773 735 837 noller
752 791 785 852 3,
805 791 836 839 a.
857 778 923 838 tale
939 770 1023 860 quid
1040 787 1135 835 notat
1154 772 1197 835 de
1213 770 1263 834 in·

216 874 285 940 tuta
303 856 466 937 Antro'in
487 870 612 951 Gallia;
647 874 703 940 led
725 876 816 963 quod
837 874 1039 939 miraculum
1061 871 1264 959 Aegyptium

216 977 280 1048 est,
315 989 354 1038 ut
376 973 531 1038 sustinere
553 977 649 1061 pollit
672 975 836 1062 Apollinis
861 999 932 1041 non
957 977 1061 1039 modo
1088 978 1263 1060 templum,

218 1077 273 1142 led
288 1075 389 1139 etiam
409 1078 560 1164 grande„
579 1099 602 1144 1.
622 1099 821 1143 ottorovrva
836 1080 914 1146 Ma.
954 1066 999 1141 'In
1015 1074 1125 1142 Chioa
1141 1080 1263 1140 multae

217 1174 341 1243 insulae
356 1195 506 1242 natantes
522 1197 590 1244 arte
613 1199 725 1245 tamen
741 1181 844 1247 factat
855 1178 1000 1266 ‚reperiri
1014 1180 1150 1242 narrant
1166 1177 1263 1244 itine-

218 1302 293 1343 rum
312 1297 472 1344 auctores.
507 1285 549 1346 At
563 1281 710 1356 dubitat,
734 1300 767 1348 et
782 1284 824 1347 ad
837 1285 1041 1348 Graecorum
1059 1281 1188 1344 fabulae
1211 1283 1264 1344 ab·

217 1386 310 1466 legat
325 1383 470 1446 Larcher
486 1384 528 1446 ad
544 1385 704 1448 Herodot.
721 1402 755 1458 a,
779 1388 859 1465 156.
884 1382 1001 1457 exiis,
1025 1403 1110 1470 quae
1125 1381 1174 1446 ibi
1192 1404 1264 1445 nar·

151 1556 154 1563 ,
219 1499 353 1556 rantur,
381 1505 458 1547 curn
472 1483 550 1547 ferri
565 1484 645 1549 aliae
661 1502 814 1565 natantea
828 1485 953 1550 insulae
967 1485 1087 1570 possint
1100 1482 1138 1546 in
1153 1485 1265 1546 Theo-

218 1582 340 1672 phrasti
357 1584 436 1647 Hist.
452 1589 590 1670 plantat.
604 1599 640 1668 lp,
663 1604 718 1666 13.
751 1586 863 1651 Plinio
882 1607 913 1660 e,
930 1590 989 1668 96.
1004 1587 1026 1650 s.
1042 1599 1102 1667 95.
1138 1588 1265 1649 Seneca

219 1685 353 1773 Quaell.
371 1703 478 1751 natur.
490 1705 524 1765 3.
544 1701 601 1767 25.
628 1689 698 1774 Iple
715 1687 817 1752 etiarn
829 1688 1020 1751 Herodotus
1038 1689 1079 1750 ab
1094 1685 1266 1771 Aegyptiit

219 1784 257 1851 id
276 1787 437 1851 iactatum
457 1788 550 1852 fuille
567 1788 695 1864 scribit;
722 1791 751 1852 se
769 1787 856 1853 nihil
872 1786 1039 1852 eiusmodi
1056 1785 1266 1854 animadver-

218 1887 301 1956 riae.
338 1889 390 1956 Cf.
407 1888 509 1955 etiam
521 1892 613 1956 daea
628 1889 790 1954 d’tlnville
808 1914 844 1979 p.
860 1907 919 1974 79.
936 1911 965 1955 c.
980 1891 1003 1952 l.

295 2093 565 2178 Pyramides)
612 2097 664 2157 De
682 2090 724 2156 iia
743 2110 873 2179 praeter
894 2108 1080 2159 narratores
1103 2088 1266 2156 itinerum

218 2194 318 2260 malti
342 2199 446 2259 multa
469 2194 683 2282 scripserunt,
711 2216 794 2281 quoa
816 2196 1046 2281 produxerunt
1060 2191 1192 2257 Plinius
1206 2195 1266 2271 36,

214 2314 283 2375 27.
298 2297 322 2369 l.
338 2301 398 2376 36,
421 2318 476 2372 ta,
497 2314 529 2376 3.
554 2312 587 2360 et
607 2295 790 2361 Meuleliue
813 2297 849 2361 in
861 2294 1022 2361 Biblioth.
1041 2293 1121 2360 Hist.
1141 2298 1212 2358 Vol.
1232 2310 1265 2373 3.

218 2398 258 2462 P.
278 2422 309 2463 ι.
329 2422 362 2483 p.
377 2402 429 2465 66.
441 2396 507 2486 qu.
542 2415 577 2462 et
599 2399 704 2462 nostra
724 2414 812 2462 aetat
835 2395 939 2463 auxit.
993 2398 1133 2462 Accessit
1158 2418 1268 2482 nuper

217 2502 364 2564 firobert
378 2497 503 2586 aliique
518 2501 665 2564 Franco·
676 2498 773 2565 Galli.
811 2499 867 2564 sic
881 2497 1056 2584 multiplex
1073 2498 1181 2561 fertur
1200 2515 1267 2579 ety-

217 2598 386 2685 mologia3
431 2603 473 2663 de
505 2622 570 2686 qua
603 2604 708 2665 multa
738 2623 847 2686 nuper
883 2598 1031 2686 conlegit
1060 2600 1267 2664 Dornedden

220 2698 391 2782 (Theorie
412 2703 471 2764 der
489 2704 545 2764 Gr.
564 2700 793 2786 Mythologie)
817 2725 849 2787 p.
869 2715 941 2783 343
958 2703 1025 2789 sqq.
1062 2700 1211 2788 Quidam
1226 2703 1267 2765 ab

218 2802 462 2888 Aegyptiorum
485 2799 599 2886 lingua
626 2801 796 2877 derivant,
838 2806 926 2891 quali
951 2805 1156 2866 struma-0
1186 2800 1210 2867 i.
1238 2825 1266 2868 e.

219 2903 337 2968 radiae
363 2903 461 2980 lolie;
484 2906 538 2982 (la
563 2905 669 2969 Croze
695 2903 732 2968 in
755 2902 923 2969 iablonski
946 2903 1201 2992 Prolegomenia
1225 2906 1268 2968 acl

220 3006 400 3073 Pantheon
414 3009 546 3090 Aegypt.
566 3009 597 3090 [l.
614 3011 694 3088 34.)
718 3011 772 3071 vel
790 3005 892 3071 etiam
907 3001 1052 3096 Πιρωμῖς
1071 3004 1093 3069 i.
1109 3028 1139 3069 e.
1164 3004 1268 3084 καλὸς

103 3104 115 3117 “
223 3102 380 3194 κάγαθὸς
407 3109 470 3173 tec.
491 3109 701 3172 Herodotum
726 3128 760 3181 η,
786 3119 865 3189 143.
888 3105 1061 3187 (Perizon.
1083 3105 1120 3169 in
1143 3106 1266 3192 origin.

222 3211 403 3296 aegypto.
420 3227 477 3273 or.
499 3233 540 3295 p.
552 3216 657 3291 393.)
683 3213 737 3273 vel
753 3231 771 3273 a
785 3211 856 3274 Bur
870 3207 894 3272 i.
911 3231 940 3272 e.
962 3225 1096 3272 antrum
1114 3226 1147 3272 et
1165 3211 1268 3279 Mutia

221 3307 251 3376 δ’.
267 3333 295 3376 e.
316 3326 481 3388 mortuum
509 3311 597 3390 (vid.
615 3313 741 3390 Volney
752 3309 848 3374 Reile
870 3332 903 3396 p.
923 3323 1004 3388 215.
1022 3331 1051 3375 c.
1068 3312 1112 3390 l.)
1139 3309 1200 3375 atii
1225 3313 1267 3374 ab

217 3408 360 3478 Arabico
384 3414 529 3485 Harant,
561 3414 653 3498 qaod
674 3410 848 3498 paullatim
871 3407 1031 3475 transterit
1053 3404 1095 3474 in*
1110 3405 1280 3502 Πύραμις,

219 3511 291 3578 ie.
316 3517 409 3576 locus
433 3517 506 3576 Deo
527 3515 634 3589 sacen
659 3517 766 3596 (Sacy
789 3517 938 3598 voyage)
964 3511 1055 3576 aliia
1071 3512 1268 3578 chaldaici·

217 3613 359 3678 vocibus
376 3616 481 3678 Amuli
491 3613 667 3699 praernillo
690 3614 755 3705 πῦρ
774 3617 828 3679 vel
845 3616 893 3679 Or
908 3614 1011 3677 amiid
1027 3636 1105 3681 eum
1123 3613 1267 3680 articulo

152 3726 156 3734 '
218 3713 421 3799 Aegyptiam
442 3719 498 3797 μὴ·
521 3722 533 3795 (
540 3737 647 3802 nuper
667 3728 772 3793 1801.
795 3718 905 3801 Hager
920 3713 957 3778 in
976 3714 1130 3780 differtat.
1147 3736 1193 3781 on
1209 3718 1267 3780 the

218 3821 335 3896 newly
361 3814 553 3880 discovered
574 3812 781 3898 Babylonian
804 3815 1038 3902 Inscriptiona‚
1064 3833 1103 3880 ut
1118 3840 1160 3880 ex
1177 3839 1267 3883 eom·

218 3914 392 3983 montariie
414 3916 499 3981 liter.
523 3918 622 4000 novi)
651 3940 691 3982 ex
706 3917 847 4002 Coptica
862 3917 977 4003 lingua
992 3915 1085 4009 Χρὼν
1102 3916 1126 3983 i.
1149 3942 1178 3984 e.
1199 3919 1267 4011 πῦρ

219 4020 366 4084 aroelsrto
383 4018 523 4082 articulo
540 4043 586 4084 πι.
610 4024 769 4104 (Langlea
787 4021 828 4082 ad
841 4022 983 4091 Norden
995 4040 1122 4107 voyage
1134 4045 1169 4108 p.
1182 4025 1266 4104 246.

217 4120 278 4190 nbi
299 4138 334 4188 et
348 4121 416 4211 sqq.
436 4125 541 4186 mttlto
559 4143 600 4188 ex
617 4119 764 4189 Orientis
780 4119 927 4196 maxime
945 4120 1164 4211 leriptoribrn
1187 4143 1267 4201 eon-
