2634 4716
184 356 249 441 rao
324 404 348 463 p.
453 356 621 441 norea
654 347 962 438 oxaoarrcao

56 559 60 567 ·
184 530 299 601 Strabo
314 551 342 596 c.
359 534 382 597 l.
408 533 545 598 Diodor.
563 555 591 599 c.
607 533 629 596 l.
655 552 695 598 ex
708 533 939 598 recentioribue
955 530 1118 617 inprimis
1133 532 1232 596 Tem·

185 639 338 723 plemunn
359 637 399 699 ad
423 635 558 699 Norden
583 632 700 700 Bellen
724 655 756 718 p.
782 645 864 715 150.
905 634 1057 698 Pococke
1078 637 1183 697 Tom.
1200 655 1231 701 r.

169 760 220 825 p.
235 753 283 820 97
298 736 361 820 qu.
385 737 531 800 Lercher.
545 738 583 799 ad
599 720 758 801 Herod'oe.
774 752 807 809 9,
825 746 907 819 149.
928 738 971 799 T.
985 753 1019 803 9.
1032 758 1064 819 p.
1081 757 1128 799 m.
1143 746 1232 817 481.

186 855 240 912 et,
273 842 329 921 qui
354 841 395 901 de
420 857 460 902 eo
491 840 783 903 commentationee
806 837 980 901 emiserunt
1005 838 1175 902 d’Anville
1199 851 1234 901 et

186 941 312 1005 (libert.
334 941 429 1019 (Vid.
448 940 625 1002 illemoiree
644 967 696 985 -
713 940 754 1002 do
769 939 856 1003 Paria
870 940 940 1003 Vol.
950 951 1015 1017 93.
1030 959 1064 1022 p.
1079 954 1147 1021 149
1164 939 1230 1024 sqq.

185 1056 220 1107 et
236 1057 307 1120 225
325 1039 408 1123 sqq.)
457 1042 549 1104 Duae
567 1042 645 1104 olim
662 1042 696 1102 in
712 1042 770 1104 illo
785 1054 906 1105 erectae
922 1041 1076 1106 steterunt
1091 1042 1234 1122 pyrami·

186 1145 259 1215 dee.
284 1142 461 1224 (Herodot.
484 1158 516 1214 a.
539 1145 642 1223 149.)
668 1161 744 1225 quaa
762 1157 869 1206 tamen
885 1141 915 1204 le
930 1162 999 1205 noa
1014 1143 1127 1206 ridille
1141 1144 1236 1206 adfir-

57 1286 60 1291 ·
185 1260 254 1310 mot
276 1246 392 1316 Lucae,
432 1263 557 1329 voyage
579 1245 657 1306 dane
681 1246 710 1306 la
731 1244 874 1327 Torquie
902 1244 1001 1308 Toto.
1026 1260 1061 1309 9.
1087 1264 1122 1328 p.
1145 1252 1232 1325 297.

185 1346 317 1412 Veteres
334 1346 464 1409 laudaut
479 1348 549 1408 elue
564 1359 597 1410 ot
615 1346 873 1432 magnitudinem
889 1359 923 1409 et
938 1344 1128 1410 utilitatem.
1161 1346 1235 1408 Nili

185 1449 275 1514 enim
289 1445 511 1530 exsuperantea
531 1466 643 1530 aquae,
669 1467 711 1509 no
732 1447 923 1532 stagnarent,
948 1448 1001 1510 rel
1021 1460 1147 1532 praeter
1161 1467 1235 1510 mo·

185 1550 265 1615 dom
281 1546 496 1634 adsurgerent,
522 1548 657 1632 excepit.
682 1563 717 1610 et
733 1568 882 1633 magnam
898 1544 1232 1633 multomm'pilcium

185 1655 311 1733 copiam
327 1650 421 1721 aluit,
447 1650 535 1711 unde
550 1649 686 1734 vectigal
705 1651 922 1731 pendebatur,
950 1652 1001 1712 nti
1022 1666 1151 1717 narrant
1167 1652 1234 1715 He·

88 1812 92 1827 ‚
185 1755 366 1816 rodotueet
382 1750 557 1814 Diodorue.
609 1751 692 1834 Quie
707 1750 744 1812 dt
766 1751 882 1823 hodie,
908 1753 1112 1835 disceptetur.
1165 1753 1232 1825 Alii

130 1887 135 1901 ·
184 1852 308 1918 diversa
327 1855 456 1934 quidem
472 1853 569 1913 etiem
586 1850 735 1933 [criptura
750 1871 827 1915 eom
841 1851 1017 1938 agnoscunt
1031 1856 1068 1931 in
1080 1853 1111 1916 ie
1128 1854 1181 1916 iac
1193 1854 1237 1916 de

70 2018 83 2047 ἱ
184 1956 273 2019 Rem
292 1952 315 2017 Ι.
334 1955 481 2025 Corona,
509 1951 531 2017 l'.
550 1952 590 2013 de
605 1954 738 2025 Mum,
762 1953 823 2033 (ab
847 1955 931 2045 urbe
947 1957 1072 2033 vicina)
1096 1956 1169 2027 vel,
1195 1969 1236 2018 ut·

185 2055 310 2121 accolae
329 2055 484 2127 elimat,
509 2055 597 2135 (vid.
618 2055 719 2117 Lucae
733 2055 775 2118 Τ.
789 2070 824 2118 9.
841 2076 873 2139 p.
892 2059 977 2137 946.
995 2077 1022 2121 c.
1038 2059 1083 2137 l.)
1111 2058 1235 2143 Birque

186 2157 354 2254 puerronr
385 2157 439 2218 alii
454 2175 554 2239 prope
568 2154 637 2218 Nili
652 2154 762 2219 ioss‘am
779 2157 813 2220 h.
825 2158 923 2220 Bohr
936 2158 1043 2221 Botere
1059 2162 1228 2242 quaeruut.

99 2327 102 2330 ,
185 2259 333 2323 Priorem
349 2256 537 2320 sententiam
557 2256 728 2339 lequuntur
742 2256 875 2321 Samson
895 2260 936 2322 de
955 2260 975 2321 l'
986 2258 1047 2324 lale
1061 2263 1095 2323 io
1113 2261 1239 2325 tabulic-

185 2361 311 2424 Meillet
331 2381 402 2445 pag.
421 2361 506 2425 966.
543 2359 644 2422 Lucae
665 2378 789 2444 voyage
811 2361 890 2423 clane
910 2362 939 2424 la
956 2357 1058 2425 Grece
1071 2392 1122 2408 -
1138 2364 1175 2425 P.
1195 2381 1230 2428 9.

186 2475 283 2546 1242
302 2461 364 2542 qu.
390 2463 496 2524 Sicard
512 2461 609 2523 Tom.
625 2476 658 2524 9.
670 2481 706 2542 p.
718 2462 763 2524 96
773 2481 801 2525 ι.
823 2462 949 2544 aliique.
970 2465 1005 2524 in
1020 2465 1132 2546 primic
1147 2484 1241 2529 acer·-

183 2564 288 2625 rimue
309 2563 378 2623 ciue
394 2559 539 2623 defensor
555 2560 667 2624 Gibert
681 2583 712 2643 p.
732 2574 817 2640 995.
836 2583 863 2625 c.
879 2564 900 2627 l.
936 2562 1147 2629 Posteriorem
1162 2580 1232 2631 tue·

186 2680 240 2727 tur
260 2663 400 2724 maxime
420 2661 579 2723 d’dnville
596 2684 628 2743 p.
651 2667 720 2740 154
736 2662 777 2745 lq.
808 2666 865 2744 qui
883 2679 1015 2749 propter
1034 2667 1193 2730 ambitum
1212 2688 1232 2730 a

184 2764 352 2829 veteribue
371 2763 524 2824 traditum
542 2764 648 2825 lacum
664 2761 755 2824 illum
775 2764 968 2828 hodiernum
984 2769 1123 2852 intelligi
1144 2767 1231 2852 polle

185 2880 297 2951 negat,
324 2862 480 2927 refutatus
502 2885 519 2926 a
541 2862 684 2926 (ilberto.
724 2865 859 2929 Lercher
876 2887 903 2930 c.
920 2868 941 2932 1.
960 2869 1054 2931 Bairr
1070 2874 1084 2950 (
1091 2871 1113 2933 i.
1129 2891 1159 2933 e.
1182 2890 1244 2932 cat-⁸

186 2967 284 3039 nella,
316 2963 414 3048 foffa)
439 2956 540 3057 Jufef
560 2964 593 3028 h.
620 2965 680 3028 elle
711 2965 827 3031 censer.
880 2971 1019 3052 Adparet
1042 2986 1129 3034 certe
1154 2969 1232 3037 folle

184 3070 279 3134 Beier
294 3060 402 3159 Jusef,
427 3069 524 3129 etiem
544 3065 650 3129 Galitr
664 3066 690 3129 c'i
705 3068 828 3140 Mertirr',
854 3090 933 3151 quoe
950 3067 1154 3155 Nili‘aquam
1173 3093 1233 3155 per

185 3173 282 3236 Fium
304 3171 436 3240 urbem,
470 3168 549 3231 olim
571 3168 743 3240 drlmoen,
776 3171 816 3232 ln
838 3169 942 3232 lacum
965 3173 1076 3235 Birkec
1096 3173 1122 3237 tt
1141 3168 1231 3237 Rem

186 3274 336 3342 devehit.
360 3273 431 3352 qul,
458 3290 531 3330 cum
548 3269 627 3331 aliua
647 3271 692 3330 ibi
714 3291 780 3331 non
801 3275 990 3354 reperiatur,
1017 3273 1058 3337 de
1075 3275 1233 3340 Moeridie

184 3375 256 3436 lacu
288 3373 425 3457 intelligi
459 3371 565 3432 debet.
617 3371 690 3435 vid.
727 3371 877 3435 Waneleb
907 3373 999 3438 Reise
1027 3377 1081 3455 (in
1109 3377 1234 3440 Poulue

146 3486 148 3491 ⁴
183 3475 440 3556 Srmmtung—
463 3473 500 3535 P.
519 3475 574 3550 3.)
603 3493 636 3554 p.
661 3469 745 3550 969.
767 3486 799 3534 et
821 3491 906 3553 277.
958 3477 1008 3539 Ex
1025 3479 1095 3541 aliie
1114 3479 1242 3541 eadem.

187 3576 276 3639 dabit
291 3574 468 3635 Hartmrnn
483 3574 521 3634 ad
538 3572 651 3635 Edrifii
667 3573 806 3637 Africam
825 3597 857 3658 p.
873 3588 960 3654 471.
1013 3580 1147 3641 Videtur
1166 3582 1231 3641 uti.

186 3697 249 3767 que
265 3672 425 3759 progrellu
446 3674 600 3756 temporie
619 3687 776 3746 mutatur,
803 3691 838 3738 et
854 3679 906 3741 vel
925 3681 1040 3762 partim
1062 3682 1096 3742 in
1118 3679 1233 3746 follem

186 3777 310 3848 abiisse,
337 3777 390 3838 vel
413 3794 449 3836 ea
472 3775 577 3837 addita
594 3775 657 3837 hoc
672 3795 792 3838 nomen
813 3779 883 3862 poll
902 3779 1060 3864 accepisse.
1103 3783 1231 3846 Plinio·

187 3882 276 3944 enim
292 3889 325 3954 5,
341 3891 375 3957 9.
398 3873 419 3936 l.
437 3887 471 3955 4.
499 3877 591 3937 luter
604 3873 794 3968 Arfinot'oen,
822 3881 938 3963 inquit,
968 3902 1009 3944 ac
1024 3883 1229 3962 Memphiten

30 4050 32 4055 ¹
187 3970 371 4069 lacurfutt
395 4006 441 4020 -
466 3976 623 4038 Moeridis
650 3977 841 4059 adportatas.
892 3983 935 4043 Et
959 3984 1023 4046 alio
1046 3984 1118 4047 loco
1142 3988 1228 4069 (36,
1300 4036 1303 4040 ,

48 4102 52 4109 ’
152 4102 169 4177 Ἰ
193 4085 249 4151 ao.
262 4079 286 4146 l.
305 4077 370 4166 ta)
392 4068 528 4172 abijcit
542 4078 700 4142 Moeridis
710 4077 808 4154 ooo,
824 4082 888 4146 doe
903 4082 957 4180 ql,
970 4075 1071 4178 soffia
1083 4088 1228 4170 grandir.
