2634 4716
123 388 167 464 stt
284 411 289 420 ·
394 383 557 443 uottn
596 340 900 441 nxnonntcin

129 561 209 623 tudo
231 557 269 619 ab
292 558 414 621 oriente
433 557 472 619 ad
494 559 710 627 occidentem,
738 557 876 619 latitudo
893 577 910 618 a
929 553 1170 637 septemtrione.

130 679 348 724 nvttuettuvs
371 660 448 723 MS.
514 663 567 723 Sic
597 661 747 722 Horatius
771 659 858 741 epist.
887 679 915 727 ι,
939 673 972 732 7,
996 669 1057 737 4¹·
1083 657 1173 718 tome

60 746 64 753 Ι
132 764 236 846 planis
256 777 418 843 porrectus
435 752 572 852 spatiis.
626 762 709 824 Mela
730 782 759 830 t.
783 779 813 831 2,
841 778 871 822 u.
891 750 957 850 suo
979 759 1079 819 litora
1098 777 1171 837 pot·-

132 869 222 946 tigit.
264 864 390 944 Nempe
415 864 531 924 dicitur
546 864 586 925 de
608 864 685 924 iocis
707 864 807 949 planis
824 876 854 924 et
873 863 905 921 iu
929 860 1172 944 longitudinem

132 967 284 1035 extento,
305 967 368 1028 ,uti
391 966 500 1026 uudtie
521 966 675 1046 exemplis
697 966 876 1025 docuerunt
898 962 1110 1041 Oudendorp.
1132 959 1173 1024 nd

131 1067 253 1128 Lucan.
272 1086 305 1146 9.
323 1080 409 1143 452.
447 1068 645 1128 Burmannus
660 1071 698 1127 ad
715 1067 860 1148 Propert.
881 1054 911 1134 ε’,
931 1078 963 1139 7,
984 1081 1040 1124 22.
1068 1061 1128 1123 ubi
1142 1072 1175 1123 et

131 1168 187 1230 hic
205 1169 293 1230 locus
310 1166 467 1250 adpositus
491 1168 550 1241 esi,
582 1170 687 1249 etqui
709 1168 942 1250 producuntur.
995 1164 1111 1247 Neque
1132 1177 1175 1226 tt·

134 1290 240 1351 men„
265 1272 349 1351 qnod
370 1270 442 1329 vult
464 1268 668 1341 Chaonius,
696 1271 782 1329 idem
804 1269 862 1337 esi,
895 1267 980 1348 quod
1001 1268 1175 1348 proiectue,

135 1375 256 1454 quippe
279 1372 340 1431 hoc
358 1371 646 1453 fitum'simpliciter
666 1373 800 1440 indicat,
828 1371 905 1430 illud
923 1369 995 1429 sttue
1016 1366 1128 1430 seriem
1145 1379 1177 1431 et

41 1492 49 1507 ··
134 1467 399 1556 progressionem
423 1472 476 1532 etsi
497 1473 584 1554 saepe
600 1490 771 1554 utrumque
787 1472 921 1533 verbum
937 1472 969 1530 iu
985 1470 1075 1531 libris
1092 1489 1179 1531 com·

136 1572 297 1643 miscetur,
323 1576 441 1655 dequo
463 1576 531 1636 Vos.
553 1597 581 1634 ι.
601 1579 637 1637 ad
659 1590 691 1654 5.
708 1576 741 1644 6,
758 1586 793 1653 4.
821 1573 994 1652 Dionysius
1009 1593 1042 1634 v.
1058 1562 1093 1635 6.
1116 1584 1178 1634 ter·

134 1693 203 1736 tam
229 1676 361 1754 quidem
388 1677 426 1734 ab
455 1691 529 1736 ortu
556 1677 594 1736 ad
613 1675 762 1739 occasum
789 1665 962 1761 εὐρυτέραν
988 1674 1081 1743 dicit,
1113 1671 1178 1744 sed.

134 1777 304 1857 quodiam
324 1793 521 1851 monuerunt
539 1779 656 1859 Papius
671 1797 810 1858 eumque
829 1776 949 1838 secutus
969 1775 1087 1843 Hilsue,
1110 1794 1180 1837 non

135 1889 175 1937 ut
193 1876 336 1958 obponat
352 1878 535 1947 satiuulini‚
561 1877 611 1940 sed
636 1894 673 1939 ut
689 1882 826 1940 omnino
849 1879 1000 1938 maiorem
1022 1858 1182 1938 extensio·

135 1997 214 2040 nem
237 1980 368 2039 indicet.
425 1981 464 2041 In
488 1983 627 2041 notanda
657 1994 763 2041 autent
788 1981 980 2063 singularum
1004 1978 1182 2061 regionum

135 2079 343 2162 longitudine
359 2094 521 2152 auctores,
548 2094 580 2143 et
595 2084 628 2143 in
647 2082 757 2164 primis
775 2095 905 2165 poetae,
932 2076 1111 2139 mensuram
1134 2099 1181 2142 re·

135 2180 242 2267 gionie
264 2177 362 2263 ipsam
384 2184 417 2242 in
437 2184 585 2265 quamvis
606 2196 727 2266 partem
744 2195 858 2268 agunt,
885 2182 934 2241 uti
955 2179 1069 2242 docuit
1088 2179 1183 2244 d’or·

120 2283 266 2346 ,vidend
284 2283 404 2347 Lucan.
418 2295 454 2365 4,
474 2286 558 2359 672.
582 2287 652 2366 (ed.
675 2286 808 2362 Butm.)
831 2305 863 2366 p.
885 2283 967 2358 268.

210 2499 249 2548 et
276 2489 378 2569 quia
396 2484 475 2568 -)
508 2489 560 2550 De
577 2489 695 2549 horum
717 2487 893 2548 verborum
913 2472 1129 2567 explicatione
1146 2499 1182 2549 et

38 2574 42 2583 ¹
134 2585 225 2649 sensu
240 2570 310 2649 uid.
325 2589 397 2650 Vos.
418 2608 448 2650 ι.
484 2589 581 2669 Quod
599 2592 662 2649 iam
678 2586 882 2650 Casaubonus
899 2588 1026 2647 monuit
1041 2587 1080 2647 ad
1096 2589 1182 2649 Stta'·

134 2686 258 2749 bouem
280 2687 336 2748 lib.
363 2710 390 2749 t.
414 2709 444 2769 p.
464 2698 523 2766 44.
544 2687 564 2750 s.
584 2692 642 2768 64.
668 2690 762 2749 unice
783 2690 860 2748 hoec
880 2687 1049 2769 respiciunt
1078 2702 1181 2752 tetrae

136 2807 209 2851 eam
231 2805 364 2872 partem,
390 2809 486 2871 quam
508 2809 568 2851 uos
586 2790 766 2859 incolimus,
795 2790 969 2870 obpositam
991 2790 1183 2853 Antichtho-

135 2911 217 2953 num
238 2904 349 2954 terrae.
404 2892 507 2972 Atque
521 2911 556 2952 oa
573 2893 616 2952 esi
631 2891 669 2952 ab
688 2904 759 2952 ortu
780 2893 818 2950 ad
840 2889 980 2951 occasum
997 2891 1096 2972 duplo
1112 2894 1184 2953 son·

136 2995 224 3078 gine,
244 2995 306 3071 <ita
320 2994 385 3055 sete
399 2992 576 3054 statuebant
591 2995 734 3070 veteres)
757 3012 854 3073 quam
869 3012 885 3053 a
901 2991 1126 3074 septemtrione
1141 2993 1182 3055 ed

134 3095 317 3165 meridiem,
344 3115 418 3156 cum
435 3092 491 3156 sub
513 3096 589 3176 poso
614 3093 723 3178 frigus,
750 3094 806 3154 sub
825 3107 992 3174 aequatore
1010 3093 1111 3154 aestus
1133 3095 1183 3156 in·

136 3197 220 3259 colae
247 3212 365 3268 arceat,
406 3211 439 3258 et
480 3193 559 3259 illud
595 3196 727 3280 spatium
761 3197 800 3257 stc
832 3196 941 3257 reddat
977 3195 1181 3260 contractius.

135 3298 265 3381 Nempe
287 3301 393 3361 omnis
415 3299 492 3360 haec
513 3313 611 3361 tetrae
633 3297 778 3360 mensura
798 3293 833 3357 'in
856 3298 990 3380 longum
1013 3298 1181 3379 latumque

134 3400 304 3466 aestimata.
331 3402 369 3461 ab
387 3401 559 3461 hominum
576 3403 762 3485 cognitione
783 3399 953 3482 pendebat,
978 3399 1030 3479 qui
1048 3398 1086 3457 ab
1107 3411 1183 3461 ortu

137 3503 176 3565 ed
196 3501 338 3564 occasum
356 3503 485 3586 longine
499 3517 589 3563 erent
600 3496 762 3587 progressi.
791 3504 827 3562 In
839 3521 873 3561 te
890 3499 952 3582 ipsa
967 3517 1089 3560 veteres
1105 3520 1205 3574 coro,

103 3602 107 3606 ’
136 3605 329 3678 veniebant5
367 3606 406 3665 tle
426 3603 488 3683 ipsa
508 3606 650 3676 tatione,
681 3619 780 3690 prout
801 3617 891 3665 aucte
913 3603 972 3673 est,
1005 3615 1038 3664 et
1060 3602 1181 3684 prolate

97 3706 102 3718 '
134 3708 296 3794 cognitio,
322 3707 536 3791 disputabant.

212 3912 504 3995 aliquanto-
527 3908 718 3994 longior)
759 3910 867 3969 immo
886 3906 989 3970 multo.
1013 3921 1049 3966 ut
1065 3906 1182 3970 Aristo·

128 4000 194 4079 *teti
219 4014 583 4101 videtnt'Meteorolcg.
603 4032 633 4082 o.
654 4026 685 4091 5.
710 4024 743 4074 et
761 4010 1043 4091 Straboni-Geogr.
1068 4009 1124 4071 sib.
1149 4031 1180 4074 t.

136 4115 188 4198 [c.
204 4116 250 4200 1.]
275 4136 456 4184 tcuouuve.
495 4119 603 4182 Immo
619 4116 692 4203 plue
709 4116 809 4200 duplo
824 4111 868 4175 est
888 4113 990 4174 maior
1009 4111 1184 4198 longitudo
