2634 4716
126 342 190 425 ωε
274 388 279 395 .
396 342 560 403 norun
594 338 899 403 axaoarrcta

127 509 258 605 Κρόνου
280 534 354 577 cum
379 514 544 581 Enilathio
566 516 606 580 ed
631 514 776 597 Dion'yl'
791 538 824 581 v.
846 522 931 597 91'a.
951 514 1052 585 dicit.
1087 513 1171 595 quod

129 614 326 700 antiquitatis
341 616 385 681 eil
400 620 566 690 indicium.
592 638 777 700 nomenque
792 618 924 680 deducit
938 637 954 678 a
970 634 1056 677 voce
1070 614 1172 679 Phoe·

130 722 215 782 nicia
233 715 302 805 tttp
321 720 342 782 i.
361 740 390 783 e.
409 718 534 808 φρέαρ.
566 738 662 801 quem
683 718 944 807 significationem
964 718 1050 799 apnrl
1079 718 1171 795 Syron

130 806 244 913 ¹prohat
269 822 365 883 etiaot
393 819 585 901 Hesychine.
610 822 664 885 rel
688 836 858 907 praeeunte
886 817 1025 881 Hilliaeo
1051 838 1071 879 e
1094 836 1175 897 voce

7 912 10 917 ’
129 914 270 1010 Bnponri
291 914 441 1007 (Brypoisr
455 922 599 1001 malunt)
615 924 639 987 i.
654 942 683 988 e.
706 914 818 1007 ἰσχὺς,
837 924 894 981 ‘uti
912 918 1172 1007 Bipue'explicat

129 1026 226 1087 etiarn
243 1022 431 1105 Hesychius,
452 1024 509 1085 etti
522 1024 570 1087 ibi
587 1024 688 1109 vulgo
701 1024 820 1109 legitur
836 1012 953 1107 ι’χθύςς
982 1016 1085 1105 ἰσχῦς
1102 1039 1172 1082 con·

130 1128 235 1189 firmat
249 1125 345 1187 etiam
359 1123 541 1187 Euslathina
556 1146 584 1188 c.
598 1126 620 1188 l.
659 1126 710 1187 De
726 1138 856 1206 utraque
875 1120 998 1185 distent
1013 1123 1172 1205 prolixior

129 1225 280 1287 Bochart.
297 1226 331 1285 in
348 1224 549 1295 chanaana.
570 1242 626 1307 ιγ.
639 1236 685 1289 'et
696 1224 784 1289 Badl
803 1226 916 1287 Barna
939 1224 1043 1287 ludio.
1063 1234 1099 1303 8.
1117 1236 1171 1303 35.

130 1326 171 1389 de
193 1325 287 1395 idolia
302 1326 414 1405 Beryti
433 1327 656 1409 explicandum
677 1324 738 1391 else
758 1326 895 1389 adllrnit.
946 1324 1073 1387 Beroen
1095 1325 1174 1387 olim

130 1409 249 1489 dictam
275 1422 365 1489 luisse
388 1438 510 1509 praeter'
534 1414 719 1509 Eusebium,
744 1448 852 1511 quem.
877 1424 1015 1490 dubium
1042 1426 1172 1507 quiden

130 1526 257 1597 testem,
284 1530 434 1611 producit
451 1528 600 1591 Menneu
620 1532 655 1591 in
673 1528 792 1615 Geogr.
809 1530 851 1590 T.
868 1528 903 1591 6.
920 1528 957 1589 Ρ.
983 1548 1012 1591 t.
1034 1548 1070 1611 p.
1090 1542 1171 1605 379.

129 1629 226 1689 tradit
245 1631 342 1691 etiem
366 1620 505 1693 Notione
526 1628 658 1709 Dionys.
677 1640 744 1709 (με
758 1630 843 1709 364.
873 1629 959 1709 quod
983 1626 1172 1691 emolliendi

130 1728 251 1793 barbari
271 1728 336 1791 soni
353 1729 439 1793 carisa
454 1728 573 1793 sautum
587 1730 872 1823 putat-Boelnutua
884 1748 911 1793 c.
927 1729 949 1791 l.
990 1732 1033 1791 At
1051 1728 1095 1793 de
1107 1730 1172 1799 litu.

16 1868 18 1873 -
129 1850 228 1915 quern
244 1828 390 1893 lllelailli
409 1830 572 1905 adscribit,
604 1844 690 1893 recte
712 1831 893 1901 dubitatur,
917 1844 967 1899 et.
994 1828 1172 1893 tiveraell

132 1951 198 1993 vox
219 1932 252 1995 in
273 1932 378 1999 libris.
408 1952 502 2014 quarn
524 1944 610 1997 certe
633 1930 831 2014 praeierunt,
859 1932 951 1993 valde
969 1932 1101 1994 disiecit
1121 1950 1171 2015 op·

130 2032 215 2115 pida.
258 2032 342 2094 Nam
359 2028 471 2097 diserte
484 2034 662 2097 Phoenicen
686 2032 799 2095 urbem
815 2030 933 2093 iaciunt
954 2044 1105 2097 anctoree
1124 2032 1172 2095 alil

130 2136 145 2209 (
153 2132 278 2216 loseph.
295 2135 334 2195 de
345 2134 381 2195 B.
395 2136 468 2197 lod.
485 2152 518 2212 7,
536 2149 571 2213 3.
587 2136 632 2197 in.
659 2133 812 2217 stephan.
826 2134 861 2195 h.
875 2154 908 2195 v.
923 2137 994 2213 —)
1019 2134 1171 2219 expolio

130 2235 270 2296 rioribus
290 2234 509 2317 Theophanen
526 2237 562 2301 in
581 2233 762 2319 chronogr.
786 2254 817 2316 p.
840 2246 897 2311 25.
919 2234 1000 2297 Veu.
1033 2249 1070 2298 et
1093 2238 1172 2299 inter

130 2334 330 2405 Ptolemaida
355 2348 388 2397 et
412 2335 552 2415 Byblurn
577 2355 679 2419 prope
700 2336 857 2397 Sidonem
878 2335 1059 2403 conlocant.
1101 2336 1173 2400 vit:

129 2432 380 2499 straholih.16.
396 2454 429 2517 p.
439 2422 557 2513 5aojs.
567 2448 652 2517 755.
677 2436 788 2515 Scylax
800 2445 900 2517 ΜΩ.
919 2434 1019 2499 lindi.
1044 2450 1080 2500 et
1095 2438 1172 2520 poll.

130 2536 218 2597 varie
238 2546 390 2616 cormpto
411 2538 555 2607 nomine.
586 2553 696 2600 auctor
711 2536 916 2617 expolitionis
932 2539 1032 2601 totino
1056 2540 1173 2601 ntundi

68 2654 71 2659 ·
97 2630 100 2635 ’
128 2638 171 2698 Τ.
186 2645 220 2715 4.
237 2656 269 2717 p.
287 2647 323 2713 4.
351 2634 385 2695 iu
403 2635 481 2700 llus.
495 2639 613 2722 Geogr.
627 2640 708 2701 mio.
725 2638 882 2715 (Betitas)
909 2636 1028 2723 Geogr.
1047 2640 1173 2703 lieren·

127 2757 185 2799 nae
202 2751 233 2807 a,
255 2746 309 2813 ¹5·
332 2733 517 2821 (Biritsror)
542 2753 576 2816 5,
595 2754 628 2814 7.
651 2735 817 2821 (Beritor)
841 2737 905 2799 tab.
923 2739 1077 2823 l'enting.
1089 2760 1124 2823 9.
1139 2742 1171 2804 F.

130 2838 303 2914 (Beritsto)
329 2836 488 2903 Antonini
504 2840 610 2903 itiner.
628 2861 660 2922 p·
680 2848 762 2918 149.
785 2868 835 2881 -
867 2840 893 2901 Δ
910 2840 1032 2902 Sidone
1046 2844 1171 2903 circiter

130 2950 203 3020 sano
221 2937 323 3001 llatliia
336 2954 485 3002 removet
499 2940 612 3004 Strabo
627 2960 653 3003 c.
670 2940 691 3001 l.
719 2920 842 3001 etfi'atit
858 2941 1054 3022 discrepant,
1074 2946 1115 3004 'et
1133 2944 1170 3004 lic

70 3102 74 3115 ,
129 3038 236 3101 tabula
261 3038 357 3101 habet
380 3056 439 3121 29.
462 3040 510 3111 M.
534 3042 573 3106 P.
609 3041 793 3103 Antoninuo
816 3054 873 3119 50.
913 3042 1020 3105 itiner.
1056 3044 1170 3108 Hiero·

127 3136 242 3220 solynt.
259 3152 317 3218 28.
340 3161 372 3223 p.
391 3153 475 3221 583.
500 3161 539 3205 ex
561 3140 789 3203 recentioribus
803 3140 1038 3205 Willehrandus
1062 3146 1096 3206 in
1119 3146 1170 3207 iti.

126 3243 251 3303 nerario
267 3254 366 3303 terrae
379 3244 412 3307 S.
431 3242 532 3329 (saec.
554 3258 609 3322 13.
627 3242 690 3323 in.)
711 3246 744 3303 iu
760 3242 830 3303 scrr.
849 3242 954 3304 histor.
965 3243 1043 3323 llyz.
1057 3248 1100 3309 T.
1112 3248 1170 3311 usi.

125 3362 158 3424 p.
183 3364 237 3405 ιι.
263 3343 373 3404 ‹lislare
388 3363 459 3405 eam
473 3365 492 3405 a
506 3346 627 3408 Sidone
642 3345 684 3405 ait
704 3345 726 3406 6
748 3343 922 3404 miliaribus
939 3344 1079 3410 (inilicie.
1120 3351 1170 3411 dcl

125 3462 212 3503 mare
231 3443 316 3503 snam
338 3441 427 3505 fnisse
448 3444 553 3506 cu'rsne
575 3444 677 3507 Melae
693 3442 816 3512 snarlet.
843 3458 875 3505 et
896 3447 1009 3525 probat
1030 3442 1130 3539 λιμὴν
1151 3472 1169 3512 a

124 3544 252 3622 Scylace
267 3560 536 3621 commemoratus¹
556 3559 587 3607 et
605 3546 774 3627 diligenter
792 3542 964 3623 descriptor
986 3551 1169 3635 (τεχνικῶς

124 3638 316 3727 γενόμενος)
336 3665 352 3705 a
374 3648 420 3708 lo.
436 3647 553 3716 Phoca,
571 3646 655 3715 telle.
675 3648 708 3705 iu
725 3645 843 3707 Leonis
858 3647 961 3707 ottntt
978 3649 1168 3727 Sytttmictie

123 3764 156 3825 p.
176 3764 208 3828 3.
232 3747 282 3821 (in
298 3744 367 3807 serr.
385 3747 457 3809 hill.
474 3749 552 3827 llyz.
566 3750 606 3811 Τ.
624 3751 683 3811 26.
704 3748 803 3821 Vno.)
844 3747 888 3807 Ex
906 3769 1000 3829 parra
1016 3771 1166 3837 magnam

122 3843 236 3906 saetam
259 3846 370 3906 dicunt
388 3848 566 3931 Stephanus
583 3862 615 3909 et
632 3848 811 3910 Eullathiue
826 3868 853 3911 c.
869 3868 895 3909 c.
916 3850 936 3910 l.
954 3848 976 3911 l.
1001 3856 1092 3933 quod
1115 3875 1167 3916 ex·

124 3946 221 4029 plicat
242 3945 355 4009 Strabo
377 3969 404 4011 c.
427 3951 448 4013 l.
482 3952 601 4032 qnippe
625 3951 715 4012 cuiun
736 3960 851 4018 aetate,
886 3969 960 4009 cum
988 3974 1060 4015 eum
1086 3958 1164 4019 otim

124 4046 303 4110 devastasset
329 4050 464 4133 Typho,
496 4052 659 4113 instaurata
690 4050 764 4114 ellat
789 4069 807 4112 a
832 4051 1000 4116 liontanie.
1060 4058 1166 4122 sidera
