2634 4716
225 388 290 464 55s
435 372 439 377 ’
497 375 661 445 uorsa
701 379 1006 442 axaourreaa

226 562 337 625 ceruix
358 559 503 623 insimili
524 571 674 622 connexu
690 555 731 621 ef.
750 557 791 620 ad
813 576 841 629 r,
862 573 918 632 17,
938 570 971 636 3.
1006 549 1276 620 Lumlentiffims

227 663 321 725 litum
336 662 484 726 describit
497 662 644 724 Aristides
660 663 701 723 T.
725 681 755 725 t.
768 680 800 742 p.
812 673 894 739 257.
910 660 963 722 ed.
982 657 1076 721 lebb.
1114 660 1198 720 Duo
1214 659 1277 721 eius

226 777 339 850 portus
355 777 589 827 commemorat
604 763 718 826 Strabo
739 760 796 825 lib.
816 779 870 825 so.
885 781 912 824 c.
935 762 957 823 1.
984 759 1044 821 ubi
1065 773 1101 821 et
1125 761 1222 842 plura
1241 759 1278 822 ad

226 868 298 928 eius
322 867 452 928 laudem
474 864 663 926 adferuntur
686 880 720 927 et
742 864 944 949 dignitatem.
973 862 1061 924 Adrl.
1079 862 1173 925 Flor.
1193 875 1226 941 3.
1248 872 1277 938 5.

226 982 262 1029 et
284 968 433 1030 Aristides
449 987 476 1027 c.
498 966 520 1028 l.
575 967 749 1028 Alcibiadis
779 979 923 1048 tempore
956 959 1161 1049 ἀτείχιστον
1184 963 1278 1035 inille,

226 1066 527 1147 leribuntThucyd.
538 1080 571 1146 fl,
589 1083 670 1143 207.
693 1082 727 1128 et
743 1068 877 1131 Diodor.
894 1074 1028 1145 15,4o.
1056 1067 1156 1148 quod
1171 1080 1276 1130 tamer

95 1209 98 1215 ·
226 1169 439 1250 Oudendorp.
463 1169 504 1229 ad
525 1169 670 1231 Frontin.
689 1183 722 1249 3,
741 1185 775 1250 9,
794 1170 827 1233 6.
846 1169 1001 1252 explicat:
1034 1187 1162 1251 pamm
1177 1168 1277 1229 muni·

226 1282 306 1331 tarn.
341 1271 490 1331 innotuit
505 1271 538 1331 in
552 1271 637 1332 bello
654 1271 885 1342 Mithridatico.
907 1268 1117 1334 Mithridatia
1139 1273 1275 1332 maxime

226 1370 410 1442 obsidione,
435 1370 571 1456 (Strabo
588 1394 614 1435 c.
636 1374 658 1434 1.
691 1373 828 1455 Appian.
849 1375 883 1434 in
907 1371 1057 1435 Mithrid.
1081 1392 1113 1435 c.
1134 1388 1184 1445 72
1199 1367 1275 1454 sqq.)

225 1475 314 1534 unde
330 1474 511 1554 praemium
527 1475 683 1536 libertatis
697 1475 823 1544 tulerat,
846 1493 908 1556 qua
925 1471 1098 1534 fruebatur
1109 1470 1275 1537 Strabonis

227 1589 348 1644 aetate,
376 1575 444 1657 post
465 1575 508 1635 ob
526 1575 703 1638 violentiae
717 1571 850 1637 crimina
867 1572 1035 1636 adeersum
1049 1575 1147 1638 civee
1162 1577 1272 1638 noma·

225 1692 285 1737 nos
304 1678 463 1757 eripuerat
477 1677 636 1738 Tiberius.
663 1679 780 1754 (Tacit.
798 1682 882 1739 Anu.
895 1686 929 1754 4,
947 1676 1008 1752 36.
1027 1677 1131 1738 stibi
1147 1677 1270 1760 Lipfius.

224 1776 360 1839 Sueton.
384 1779 419 1837 in
434 1778 543 1839 Tiber.
565 1798 634 1859 cap.
653 1782 728 1858 57.)
760 1780 878 1838 Terrae
894 1791 986 1839 motu
1010 1777 1204 1840 nonaullam
1225 1779 1271 1840 ad·

223 1877 312 1939 iuvit
329 1877 502 1941 liberalitas
518 1880 687 1941 Hadriani.
714 1879 870 1956 (Malalae
887 1881 921 1940 in
942 1879 1123 1964 obmnogr.
1141 1880 1201 1944 lib.
1221 1898 1268 1945 tt.

223 1999 256 2062 p.
277 1988 358 2057 118⁵.
373 1981 473 2058 Ven.)
513 1983 653 2042 ‘Incolae
668 1981 821 2042 dicuntur
835 1974 1012 2066 Κυζικηνοὶ
1030 1982 1067 2041 in
1088 1982 1269 2044 auctoribus

224 2093 258 2143 et
279 2084 405 2153 numia,
439 2083 525 2144 unrle
544 2077 750 2165 polleffivum
775 2080 877 2144 adfert
897 2081 1087 2162 Stephanus
1109 2079 1270 2169 Κυζικηνι-

224 2179 300 2258 atde.
342 2187 429 2264 quod
464 2185 563 2269 vulgo
596 2181 762 2269 legebatur
794 2183 830 2245 in
861 2181 1073 2263 Aristophane
1118 2185 1162 2247 de
1197 2187 1269 2247 Paot

222 2302 259 2348 v.
282 2287 388 2360 1176.
416 2283 455 2346 acl
472 2293 570 2366 quem
580 2282 621 2347 ci.
640 2283 823 2347 Brnnrkius
841 2298 874 2345 et
894 2285 1114 2348 lnvernizius.
1173 2287 1269 2350 Hodie

222 2386 314 2450 urbis
335 2387 450 2471 exigua
475 2386 591 2447 rellant
612 2387 761 2472 vestigia,
794 2384 970 2466 exquibus
991 2386 1272 2468 amphitheatrum
1311 2414 1313 2471 j

224 2502 461 2550 commemorat
486 2487 695 2548 Lechevalier
719 2491 753 2548 ln
781 2504 906 2571 voyage
931 2486 972 2548 de
997 2487 1029 2547 la
1056 2487 1270 2572 Propontide.

222 2589 287 2653 Sed
312 2588 402 2671 plura
425 2589 466 2649 de
489 2584 529 2648 iis
553 2589 757 2649 contulerunt
779 2585 930 2649 Pocooke
945 2589 986 2651 T.
1004 2602 1037 2663 3.
1062 2609 1098 2670 p.
1123 2594 1200 2656 166
1217 2591 1271 2673 sqq.

222 2703 257 2750 et
275 2691 378 2749 Lucas
395 2706 522 2773 voyage
544 2690 624 2750 dans
644 2689 674 2751 la
691 2683 792 2752 Gr⁸eoe
814 2689 854 2753 Τ.
876 2709 906 2752 s.
926 2707 959 2771 p.
975 2685 1023 2766 36
1042 2687 1111 2773 [qq.
1142 2706 1221 2773 379
1236 2691 1272 2774 le

219 2789 319 2854 stetit
338 2808 438 2873 prope
459 2790 588 2854 Λητώ’.

299 2991 344 3053 M
351 2993 464 3073 t'nyir
471 2991 490 3075 )
522 2994 573 3055 De
591 2992 733 3055 neminie
747 2990 870 3076 origiue
885 2991 989 3053 multa
1007 2991 1140 3056 dabunt
1152 2993 1272 3061 Voffim
1310 3006 1313 3105 l

224 3094 266 3156 ad
289 3094 393 3155 Valer.
413 3095 516 3156 Flacc.
539 3114 568 3164 ι,
592 3107 675 3168 310.
707 3093 823 3174 Heyne
848 3092 890 3154 ad
912 3092 1104 3175 Apollodor.
1129 3118 1163 3168 1,
1191 3118 1223 3184 9,
1241 3111 1270 3178 3.
1311 3108 1313 3143 Ι

220 3210 256 3258 et
276 3194 328 3261 16.
354 3196 489 3276 aliique,
524 3213 603 3276 quos
624 3196 769 3255 indicant
796 3208 829 3255 et
849 3195 912 3256 viri
934 3193 1022 3257 «lorti
1044 3196 1088 3257 ad
1109 3199 1268 3284 stephan.

222 3297 245 3363 l.
262 3320 293 3359 v.
314 3288 436 3367 Μινύα,
462 3317 501 3358 ex
517 3295 633 3378 quibua
649 3293 714 3357 fere
730 3293 874 3367 efficitur,
901 3313 941 3355 ex
958 3295 1178 3364 Orchomeno
1194 3305 1269 3365 eirca

223 3402 348 3464 iolcum
374 3396 559 3470 conlediffe,
597 3410 630 3458 et
655 3410 822 3476 tamquam
854 3397 1072 3479 expeditionis
1104 3405 1270 3487 principes

223 3520 283 3586 pro
297 3502 500 3584 'Argonautie
524 3502 613 3582 poni.
667 3498 761 3560 Tella
781 3496 887 3560 Schol.
913 3498 1045 3559 Pindari
1066 3504 1108 3561 ad
1134 3503 1269 3588 Olymp.

211 3610 283 3683 ’14,
301 3615 334 3679 5.
365 3601 443 3662 dicti
471 3605 571 3663 etiarn
597 3600 668 3662 lunt
698 3595 852 3662 Μινυῒδαι
878 3599 947 3669 vel,
980 3614 1018 3662 ot
1038 3603 1113 3663 vult
1144 3607 1269 3686 Heyne,

15 3740 18 3745 ’
107 3772 111 3777 ,
220 3697 399 3769 Mrvudder.
461 3702 584 3764 Neeem
618 3716 728 3764 autem
757 3701 811 3762 hic
843 3716 1138 3766 commemoratam
1174 3710 1269 3792 Argo·

220 3809 329 3880 nautis
352 3804 611 3886 imprudentibus
631 3802 745 3865 tribuit
765 3804 863 3864 etiam
888 3803 1073 3886 Apollodor.
1095 3825 1128 3877 s,
1153 3827 1191 3889 9.
1217 3821 1268 3887 ιθ.

220 3910 279 3972 ubi
314 3909 493 3990 pleniorem
522 3904 622 3968 habes
655 3904 836 3976 hilloriam;
875 3903 1017 3986 ipsorum
1048 3905 1129 3970 duci
1164 3909 1268 3973 tatoni

221 4012 345 4096 Hygia.
367 4006 432 4074 lab.
462 4010 519 4074 16.
571 4003 623 4070 Cf.
649 4006 755 4069 Valer.
779 4006 882 4069 Flere.
910 4020 947 4085 3,
972 4015 1058 4089 240.
1109 4011 1266 4094 Apellen.

219 4113 329 4182 need.
351 4130 385 4184 a.
416 4126 523 4193 rom.
571 4108 702 4176 Herculi
733 4106 883 4194 Orpheus
908 4108 943 4172 io
966 4109 1089 4196 Argon.
1117 4132 1156 4179 v.
1183 4126 1266 4196 520.
