2634 4716
222 397 279 467 rte
306 400 448 465 roua.
476 395 586 461 uun
618 400 709 465 ,nc
752 399 787 463 c
808 402 846 466 v.
888 402 967 474 aa.
1057 410 1124 481 ιη
1181 434 1188 453 ,

106 574 335 665 arbit-repetit.
386 576 514 641 Similes
535 578 672 639 aliorum
693 577 993 661 promontoriorum
1017 577 1125 662 adpal-

106 683 218 745 .tiuuee
233 701 253 741 a
274 680 381 742 vineis
396 682 513 741 ductae
532 692 566 741 et
585 680 662 741 alibi
684 695 871 751 occurrunt,
896 680 1000 744 veluti
1022 672 1125 769 ἔμπε-

106 804 136 861 r5
157 774 246 870 daton
269 780 306 843 ln
329 778 429 843 insula
451 783 551 844 Samo
575 782 659 863 apud
679 781 876 857 Strabonem
902 792 959 862 14.
982 801 1016 864 p.
1033 791 1124 863 488.
1217 829 1226 845 ,

114 886 203 964 637.
229 882 436 968 Agathemer.
457 902 487 953 r,
501 899 536 962 4.
561 897 595 945 et
609 873 836 947 Ptolemaeum
851 894 886 960 5.
905 902 938 946 e.
952 881 976 947 f.
1001 885 1038 945 in
1052 884 1125 947 Ma·

106 987 216 1051 adonia
239 986 327 1067 apud
347 984 435 1047 hunc
451 998 483 1063 5,
505 998 561 1063 13.
574 986 620 1049 in.
652 987 688 1047 in
706 986 802 1049 Creta
821 986 909 1067 apud
929 985 1071 1048 eundem
1088 1000 1123 1067 3,

106 1102 139 1166 7.
157 1089 206 1151 in.
238 1089 274 1149 in
293 1087 466 1149 Toronaeo
487 1087 556 1147 sinu
573 1087 786 1151 Macedoniae
807 1088 894 1170 apud
909 1070 1068 1149 Heroddt.
1087 1102 1123 1163 7,

106 1205 165 1253 ac.
206 1188 303 1251 Plura
317 1188 393 1249 addi
410 1186 537 1271 poliunt
552 1208 592 1250 ex
603 1189 769 1270 Stephano
786 1186 806 1253 i.
823 1210 856 1252 v.
870 1181 1047 1277 Ἀμπελος.
1079 1191 1126 1253 Ae

106 1285 304 1369 μπελουσίαν
320 1308 419 1351 nemo
441 1303 566 1371 praeter
580 1290 725 1354 uoilrum
740 1305 773 1354 et
789 1291 933 1353 Plinium·
947 1290 1002 1353 hic
1013 1292 1124 1364 norit,

106 1412 184 1456 nmo
204 1410 246 1453 ue
262 1392 406 1454 nominia
427 1392 558 1473 quidem
580 1392 635 1455 illa
657 1390 763 1455 lorma
783 1394 817 1454 in
835 1392 966 1459 Graecia
986 1393 1128 1456 auctori·
1206 1458 1211 1465 ,

106 1514 143 1558 oe
163 1495 348 1567 invenitur3
379 1493 468 1575 quod
485 1497 597 1575 utique
610 1497 738 1575 *mirum
757 1491 919 1557 videatur.
957 1492 1009 1558 Ci.
1027 1495 1069 1557 ad
1087 1506 1124 1575 8,

105 1614 142 1660 ο.
156 1608 236 1658 extr.
260 1608 358 1659 notae
381 1595 521 1657 criticae.
575 1594 698 1657 Vitium
717 1594 908 1682 lingularem
927 1597 1125 1682 magnitudi-

106 1716 157 1762 em
170 1698 206 1759 in
219 1696 425 1763 Mauretania
439 1696 704 1765 celebratStrabo
719 1697 777 1762 lib.
790 1715 847 1777 17.
862 1719 895 1783 p.
908 1700 992 1777 568.
1004 1696 1125 1778 [886.

155 1891 260 1994 Afri
283 1898 462 1984 elicer)'
488 1898 601 1984 Syloen
622 1903 822 1986 appellatum
844 1901 982 1991 suspicor
997 1901 1038 1965 ab
1056 1901 1124 1967 He·

106 2005 197 2070 >doto
214 2002 271 2065 lib.
287 2013 323 2084 4.
351 1999 446 2092 [cap.
461 1996 547 2089 48]
580 2022 795 2071 croccourva.
844 2006 945 2068 Valde
967 2018 1051 2068 errat
1071 2006 1126 2067 vie

106 2108 214 2185 uidam
238 2106 372 2178 doctae,
404 2104 461 2187 qui
474 2104 629 2181 ,δρίοειιιιιΙ
642 2107 713 2183 ‚rel
727 2106 878 2190 Sylomta
896 2105 937 2170 ὥς
953 2105 1126 2172 Herodoto

106 2212 136 2273 ic
154 2210 266 2271 locum
285 2206 405 2269 hebere
425 2219 529 2288 putat.
567 2206 662 2269 Abeii
679 2208 760 2269 illud
775 2207 852 2269 hinc
869 2227 967 2290 quarn
981 2203 1127 2292 lougill'r·

106 2330 147 2375 te.
182 2311 246 2373 Sed
266 2308 354 2390 quod
376 2302 593 2398 Ampalustam
618 2307 732 2372 Graeci
751 2327 925 2379 vocavere»
951 2310 984 2370 id
1007 2302 1128 2396 Κὼτης

106 2412 155 2476 „tri
172 2411 385 2495 appellarunt.
422 2406 509 2471 Geta
524 2404 569 2471 est
588 2406 709 2472 Plinio.
735 2402 791 2495 [5,
809 2402 862 2495 r.]
902 2410 1033 2474 Reddas
1047 2430 1126 2493 quo·

106 2534 146 2579 ue
175 2513 224 2575 illi
257 2513 331 2593 ltoc.
348 2509 545 2575 vocabulum
571 2508 628 2581 lib.
654 2524 712 2590 52.
735 2528 769 2574 e.
801 2507 847 2600 [l.
871 2504 941 2597 6.]
980 2530 1126 2580 vocure.

106 2616 213 2699 lempe
228 2615 262 2675 in
280 2612 441 2677 Herodoti
457 2611 530 2675 loco
548 2610 629 2674 olim
646 2626 723 2685 aute
737 2609 983 2703 Wellelingium
997 2612 1126 2700 legeba-

106 2738 135 2781 rr
156 2709 315 2789 Συλόεις,
345 2716 402 2796 qui
426 2715 556 2775 adiutus
573 2714 700 2779 ussus
719 2710 755 2777 'et
776 2714 834 2778 lib.
852 2728 961 2795 1452·
985 2713 1126 2799 reposuit

106 2810 238 2899 ἶολὸεις,
262 2837 326 2899 qua
341 2815 445 2879 forma
461 2817 562 2878 etiam
577 2816 724 2879 redditur
739 2817 825 2899 apud
838 2817 1004 2897 Scylacem
1017 2836 1050 2899 p.
1064 2827 1126 2897 58.

106 2918 184 2985 luds.
216 2920 413 2982 Hannonem
429 2939 463 3001 p.
473 2930 508 2983 Ω.
524 2916 624 2989 Hudl.
644 2931 677 2980 et
693 2916 784 2981 aliua.
821 2918 862 2981 At
877 2938 979 2980 errare
994 2919 1128 2983 Ciacco·

106 3027 177 3087 ium
190 3034 276 3084 recte
296 3024 362 3082 iarn
376 3020 507 3084 monuit
519 3012 655 3083 Voffiue.
701 3018 888 3083 Herodotus
909 3021 997 3081 enim
1008 3030 1043 3097 4.
1060 3029 1125 3099 48.

105 3126 152 3189 oll
168 3123 349 3205 superatum
364 3118 484 3183 fretum
500 3121 535 3181 in
552 3119 645 3181 cursu
666 3120 705 3182 ad
722 3122 891 3182 meridiem
911 3120 1024 3202 ponit;
1049 3120 1127 3184 Pto·

106 3244 227 3289 :metelle
242 3235 278 3304 4.
295 3226 330 3289 6.
352 3225 386 3285 iu
403 3221 525 3303 Libyae
541 3222 703 3303 interioria
721 3222 782 3283 litu
801 3235 911 3283 contra
930 3222 1125 3284 Fortunatae

107 3327 218 3399 riulan,
256 3345 366 3409 aquo
390 3343 459 3387 nou
490 3322 636 3386 dielentit
657 3324 790 3385 Hanno.
835 3323 879 3385 H.
906 3322 1039 3385 ridetur
1063 3322 1125 3387 effe

106 3422 237 3502 loiadon
287 3426 439 3489 Nostrum
454 3423 568 3488 Album
588 3424 688 3487 etiam
703 3444 723 3486 a
738 3424 846 3487 Plinio
867 3424 923 3488 lib.
942 3437 977 3504 5.
990 3426 1037 3489 in.
1060 3425 1128 3489 dici

106 3544 232 3603 utatur,
262 3530 351 3612 quod
367 3526 534 3590 Mellariae
551 3528 588 3589 ln
611 3528 709 3587 altera
727 3523 802 3587 freti
822 3540 913 3609 parte
934 3526 1126 3608 obponitur.

106 3634 291 3697 lodieruum
317 3649 455 3700 nomen,
490 3630 525 3690 in
548 3647 612 3710 quo
639 3624 859 3699 consentiunt,
900 3626 945 3690 est
973 3625 1062 3690 Gaba
1087 3627 1127 3691 da

106 3736 227 3821 martel.
263 3730 315 3797 Cf.
335 3732 475 3796 Chenier
491 3729 678 3793 recherches
700 3762 750 3778 -
771 3727 821 3790 lur
836 3730 882 3791 lea
898 3730 1027 3791 Mauree
1038 3731 1078 3793 T.
1094 3750 1126 3793 ι.

105 3852 195 3915 ‚7o.
240 3834 391 3899 Afrorum
413 3852 493 3896 vero
521 3850 642 3895 nomen
665 3830 794 3893 ridetur
816 3828 876 3892 elle
900 3824 1033 3917 licitene,
1067 3830 1127 3894 etii

106 3940 232 4003 aullum
248 3937 281 3999 in
302 3934 407 3999 forma
424 3935 577 3998 variatur.
613 3932 701 3995 Nam
717 3932 853 3996 Ptolem.
869 3942 905 4012 4,
924 3954 954 3996 1.
969 3935 1013 4015 in.
1033 3926 1128 3996 Ror-
1155 3988 1158 3993 .

106 4065 157 4131 aye,
176 4039 379 4115 Strabo-m.
398 4058 432 4122 p.
448 4039 533 4114 568.
552 4033 574 4099 l.
587 4046 673 4113 825.
696 4032 730 4096 ai
752 4027 891 4109 liticen,
917 4034 1128 4118 Agathemer.

106 4187 118 4223 ‚
143 4152 202 4224 ²4·
223 4141 272 4209 ia.
292 4138 380 4222 Κῶς.
427 4138 518 4208 Hinc
541 4156 621 4203 rere
650 4137 750 4203 etiam
773 4129 892 4226 Kalene
919 4126 1007 4203 linui
1037 4135 1128 4221 apud
