2634 4716
158 383 162 391 ·
228 389 293 459 ott
364 397 375 413 *
475 354 661 444 'uoran
700 376 1004 437 enarrante

229 554 367 619 eandem
383 549 551 617 Σέλευκον
566 572 584 615 ι
600 553 766 636 Stephano
786 553 894 617 vocari
920 565 1014 637 putat
1034 506 1256 614 Hoiileniue
1246 566 1276 611 ιι

228 659 320 721 ιιοιὶι
337 676 369 738 p.
387 667 472 734 287.
494 652 605 717 faliunt
622 654 682 718 elle
697 654 825 736 adparet
845 673 884 717 ex
903 654 1036 717 adiectio
1051 652 1192 716 vocibue
1209 623 1277 739 ercii

229 760 273 843 τῆ
294 754 473 847 ’Δπαμείᾳ,
504 774 586 840 quae
607 755 778 820 Seleucum
799 754 838 817 ad
859 755 975 818 Belum
996 754 1139 839 intelligi
1160 752 1276 817 debere

230 860 368 930 docent,
410 879 504 942 quam
539 856 654 919 urbem
683 869 843 923 memorat
871 857 1131 933 Ptolemaeue5,
1159 866 1275 934 15.et

96 946 99 951 ⁵
218 958 383 1043 'deincepa
398 958 464 1043 iple
478 958 668 1051 Stephanae.
714 957 860 1021 Nollram
877 959 1000 1041 prolixe
1017 955 1168 1019 ‹leic'ribit
1184 956 1275 1035 Poly·

231 1062 356 1140 biue5,
374 1074 433 1141 59.
470 1062 558 1122 unde
584 1061 709 1141 potiora
735 1060 814 1123 haec
839 1060 1024 1122 diacuntur·
1056 1059 1125 1122 Sita
1147 1056 1216 1119 init
1238 1050 1274 1119 ad

228 1184 317 1226 mare
338 1183 405 1225 non
426 1163 522 1246 longe
543 1161 581 1222 ab
597 1161 682 1225 oliiie
697 1162 831 1226 Orontia
851 1158 975 1223 fluvii
965 1174 1050 1224 auter
1068 1159 1223 1224 Ciliciam
1245 1168 1275 1223 et

228 1264 418 1328 Phoenicen
438 1264 476 1324 ad
499 1262 667 1325 meridiem
692 1265 831 1335 monrie,
857 1282 953 1346 quem
974 1260 1207 1345 coryphaeum
1223 1278 1275 1324 ro·

224 1369 302 1428 cari'
320 1367 382 1436 ait,
423 1378 457 1427 et
487 1362 647 1445 profunda
677 1364 761 1427 valle
791 1365 831 1426 ab
863 1364 942 1433 urbe
976 1362 1127 1449 separari,
1166 1375 1274 1427 contre

230 1467 389 1549 Cyprum.
442 1465 489 1525 Διὶ
507 1464 666 1526 Orontem
688 1479 818 1547 ponunt
838 1479 871 1531 et
892 1466 965 1536 alii,
990 1479 1135 1547 erratque
1153 1462 1275 1527 Erneili

227 1570 263 1631 in
279 1569 367 1629 clave
384 1566 602 1636 Ciceroniana,
628 1566 707 1626 dum
722 1567 919 1648 Euphratem
936 1567 1041 1638 habet,
1064 1568 1122 1627 ubi
1137 1567 1200 1628 alia
1216 1562 1273 1627 fuit

228 1670 384 1740 Seleucia,
404 1667 596 1730 Parthorum
609 1665 684 1728 urbo
697 1656 860 1751 primaria.
888 1669 1032 1731 Fuerunt
1047 1668 1138 1731 enim
1155 1684 1272 1753 cogno·

225 1771 331 1834 mirrea
354 1770 478 1852 plurea,
512 1782 602 1831 caute
625 1767 861 1833 discernendae.
923 1767 1054 1831 Nostrae
1075 1768 1157 1833 hinc
1176 1774 1270 1833 etiam

225 1872 313 1958 signa
333 1873 486 1956 quaedam
511 1870 635 1930 addunt
654 1884 813 1940 auctoree,
846 1884 884 1932 ut
909 1870 1031 1958 Συρίας
1052 1870 1269 1954 (Appiam-io

223 1973 300 2055 Syr.
314 1993 382 2055 cap.
397 1975 452 2051 4.)
473 1964 523 2035 tri
546 1968 589 2057 τῇ
610 1963 784 2057 θαλάσση,
808 1973 914 2058 (idem
934 1993 961 2034 c.
982 1984 1040 2051 53.
1056 1993 1083 2033 c.
1101 1972 1146 2051 Ι.)
1171 1992 1270 2060 nepa·

226 2072 411 2145 θαλασσία,
436 2076 469 2150 (ι
491 2071 631 2135 Maccab.
654 2091 667 2137 ι
682 2092 709 2145 ι,
726 2077 775 2151 3.)
799 2088 922 2155 praeter
938 2073 990 2144 id,¹
1008 2073 1093 2154 quod
1109 2072 1205 2156 [upra
1217 2090 1269 2137 no·

220 2178 294 2241 tavi
314 2177 354 2239 de
370 2174 488 2237 Pierio.
539 2173 790 2239 celeberrimam
807 2175 889 2237 hanc
905 2175 1100 2258 reliquarum
1115 2194 1194 2237 cum
1215 2174 1268 2237 alia

221 2279 265 2341 ad
289 2278 413 2363 Tigrim
438 2276 518 2337 dicit
537 2276 700 2357 Appianae
723 2294 789 2357 cap.
806 2288 865 2354 57.
881 2296 909 2338 c.
934 2276 956 2339 l.
1017 2274 1152 2339 Nomen
1177 2277 1270 2340 debet

224 2381 361 2444 Seleuco
381 2377 543 2445 Nicatori.
572 2379 627 2458 qul
645 2379 780 2438 omnino
800 2394 822 2456 9
843 2377 939 2441 urbee
962 2380 1179 2461 cognomines
1201 2396 1269 2443 con·

225 2480 360 2550 diderat,
379 2479 528 2560 (Appian.
520 2497 612 2560 ..cap
603 2490 684 2555 ..57
701 2496 728 2539 c.
746 2475 783 2560 l.)
809 2491 852 2548 et,
872 2492 908 2541 ut
924 2498 964 2540 ex
980 2480 1148 2579 Strabomo
1168 2480 1269 2562 ample

223 2580 404 2645 narratione
424 2577 480 2638 lib.
503 2578 557 2640 ιδ.
576 2599 606 2661 p.
624 2577 707 2655 516.
728 2577 749 2642 s.
764 2591 847 2655 75ο.
869 2578 1006 2657 discitur,
1031 2599 1103 2643 eam
1124 2580 1268 2643 instaura·

224 2695 314 2743 verat
329 2693 363 2742 et
379 2690 556 2747 ornaverat.
583 2692 707 2741 mutato
722 2681 820 2764 priori
836 2683 982 2751 nomine,
1008 2683 1094 2763 quod
1116 2680 1211 2746 fuiile
1226 2684 1267 2744 ait

214 2774 362 2854 “Tdnror
379 2773 541 2868 ποταμοὶ,
569 2779 719 2842 Malalaa'
711 2802 744 2841 ιιι
761 2781 930 2867 chronogr.
945 2782 1001 2845 lib.
1019 2795 1054 2860 5.
1070 2805 1103 2867 p.
1114 2797 1177 2863 59.
1188 2787 1267 2848 Ven.

223 2876 473 2954 Παλαιᾶπολις.
498 2884 586 2963 quod
608 2879 752 2964 respectu
771 2883 859 2946 urbia
880 2883 1062 2948 instauratae
1081 2884 1269 2970 rrlurpatum

218 2987 365 3049 nidemr.
401 2985 487 3044 Hinc
503 2978 581 3044 vero
598 2980 736 3063 adparet,
758 2985 924 3064 quomodo
940 2982 1059 3072 κτίζειν
1075 2988 1116 3049 de
1130 2988 1265 3051 Seleuco

223 3086 362 3171 intelligi
384 3085 499 3146 debeat
523 3085 557 3144 iu
578 3081 711 3164 loiepho
735 3085 856 3166 antiqu.
879 3097 931 3163 ι3,
958 3106 992 3166 9,
1017 3101 1051 3165 3.
1077 3101 1111 3150 et
1130 3089 1268 3172 Appiani

224 3188 295 3268 Syr.
311 3207 379 3269 cap.
398 3198 457 3263 53.
494 3200 590 3266 quem
612 3183 818 3247 verbidium
843 3188 1087 3251 inaliieetiam
1113 3201 1268 3254 notarunt

224 3283 406 3373 ll'ell'eliug.
424 3289 457 3347 in
474 3285 598 3349 oblerr.
614 3300 648 3355 a,
672 3288 725 3351 16.
740 3308 772 3369 p.
786 3300 869 3366 208.
898 3289 1015 3373 Cuper.
1037 3289 1163 3356 observ.
1182 3306 1215 3373 3,
1232 3310 1266 3372 9.

112 3430 116 3441 ,
224 3392 339 3474 aliique
355 3389 470 3472 plurea.
508 3389 560 3452 Sic
579 3387 646 3470 poll
662 3388 703 3450 de
715 3388 879 3453 Laodicea.
916 3392 1079 3454 lunumis
1098 3390 1190 3477 saepe
1209 3412 1266 3457 vo·

223 3505 313 3554 catur
331 3485 399 3585 ἱερὰ
413 3503 446 3551 et
463 3479 654 3608 αὐτόνοιθιος.
705 3491 826 3554 Priario
846 3490 966 3554 caulam
984 3497 1084 3575 aperit
1101 3497 1265 3578 Appianuo

224 3595 261 3656 in
274 3596 344 3674 Syr.
361 3604 388 3653 c.
404 3602 462 3668 53.
479 3593 524 3654 iu.
550 3593 669 3674 quippe
684 3592 844 3655 Seleuco
836 3615 868 3654 ιιι
885 3596 1050 3657 condenda
1065 3596 1143 3658 urbe
1165 3594 1265 3683 διοσιγ

211 3692 301 3808 ,μίαν
323 3689 479 3778 κεραυνοῦ
496 3688 697 3778 ἡγήσασθαι,
719 3713 814 3774 quare
836 3696 861 3757 ia
880 3691 957 3761 θεον
974 3691 1129 3784 κεραυνὸν
1151 3696 1196 3777 (f.
1217 3719 1265 3763 κι·

224 3786 373 3886 pourton)
396 3792 606 3877 propoloille,
640 3815 737 3876 quem
760 3808 793 3858 et
816 3795 891 3858 hinc
912 3719 1028 3861 colant?
1035 3812 1068 3860 et
1088 3800 1260 3862 celebrent.

224 3900 274 3963 ita
287 3890 464 3985 Kapouuor
485 3896 523 3959 ab
542 3892 747 3974 Hesychioh.
764 3917 796 3959 v.
811 3898 984 3980 explicatur
998 3894 1103 3975 Zaor'
1092 3923 1123 3966 εν
1141 3898 1262 3966 Σελιυ·

210 3997 315 4087 arip,
340 3998 423 4059 etin
438 3997 547 4059 multia
563 3999 673 4060 nomio
687 3989 765 4073 Ζεὺς
781 3993 902 4075 Κάσιος
917 3999 1147 4072 adscribam·
1137 4025 1173 4065 ιιι
1195 4004 1263 4088 plu·

215 4088 313 4179 rimie
329 4096 454 4165 tumen
468 4098 652 4182 adponitur.
686 4099 759 4165 vid.
776 4098 897 4165 liniche
913 4105 949 4167 in
964 4103 1043 4171 Lea.
1055 4124 1151 4171 num.
1169 4106 1211 4171 Τ.
1225 4114 1261 4187 4·
