<?xml version="1.0" encoding="UTF-8"?>
<!DOCTYPE html PUBLIC "-//W3C//DTD XHTML 1.0 Transitional//EN"
    "http://www.w3.org/TR/xhtml1/DTD/xhtml1-transitional.dtd">
<html xmlns="http://www.w3.org/1999/xhtml" xml:lang="en" lang="en">
 <head>
  <title>
</title>
<meta http-equiv="Content-Type" content="text/html;charset=utf-8" />
  <meta name='ocr-system' content='tesseract 3.04.00' />
  <meta name='ocr-capabilities' content='ocr_page ocr_carea ocr_par ocr_line ocrx_word'/>
</head>
<body>
  <div class='ocr_page' id='page_1' title='image "./desitvorbislibr00melagoog_0154.png"; bbox 0 0 2634 4716; ppageno 0'>
   <div class='ocr_carea' id='block_1_1' title="bbox 284 416 1186 494">
    <p class='ocr_par' dir='ltr' id='par_1_1' title="bbox 284 416 1186 494">
     <span class='ocr_line' id='line_1_1' title="bbox 284 416 1186 494; baseline 0.023 -20"><span class='ocrx_word' id='word_1_1' title='bbox 284 418 641 481; x_wconf 66' lang='lat' dir='ltr'><strong>attentarunt„</strong></span> <span class='ocrx_word' id='word_1_2' title='bbox 683 422 765 480; x_wconf 67' lang='lat' dir='ltr'><strong>nt</strong></span> <span class='ocrx_word' id='word_1_3' title='bbox 807 421 913 486; x_wconf 71' lang='lat' dir='ltr'><strong>avt·</strong></span> <span class='ocrx_word' id='word_1_4' title='bbox 950 416 1035 492; x_wconf 66' lang='lat' dir='ltr'><strong>ao</strong></span> <span class='ocrx_word' id='word_1_5' title='bbox 1117 421 1186 494; x_wconf 72' lang='lat'><strong>&#39;¹⁴9</strong></span> 
     </span>
    </p>
   </div>
   <div class='ocr_carea' id='block_1_2' title="bbox 128 584 1244 1491">
    <p class='ocr_par' dir='ltr' id='par_1_2' title="bbox 128 584 1244 1491">
     <span class='ocr_line' id='line_1_2' title="bbox 208 584 1233 684; baseline 0 -31"><span class='ocrx_word' id='word_1_6' title='bbox 208 592 359 674; x_wconf 77' lang='lat' dir='ltr'><strong>procui</strong></span> <span class='ocrx_word' id='word_1_7' title='bbox 382 612 406 655; x_wconf 86' lang='lat' dir='ltr'><strong>o</strong></span> <span class='ocrx_word' id='word_1_8' title='bbox 430 591 562 677; x_wconf 83' lang='lat' dir='ltr'><strong>mori)</strong></span> <span class='ocrx_word' id='word_1_9' title='bbox 608 593 783 660; x_wconf 77' lang='lat' dir='ltr'><strong>,Sallustius</strong></span> <span class='ocrx_word' id='word_1_10' title='bbox 810 590 900 684; x_wconf 81' lang='lat' dir='ltr'><strong>[lug.</strong></span> <span class='ocrx_word' id='word_1_11' title='bbox 918 584 1084 678; x_wconf 58' lang='lat' dir='ltr'><strong>rapam]</strong></span> <span class='ocrx_word' id='word_1_12' title='bbox 1109 608 1179 654; x_wconf 86' lang='lat' dir='ltr'><strong>non</strong></span> <span class='ocrx_word' id='word_1_13' title='bbox 1231 623 1233 627; x_wconf 95' lang='lat'>·</span> 
     </span>
     <span class='ocr_line' id='line_1_3' title="bbox 129 695 1180 779; baseline -0.001 -22"><span class='ocrx_word' id='word_1_14' title='bbox 129 695 249 779; x_wconf 76' lang='lat' dir='ltr'><strong>procui</strong></span> <span class='ocrx_word' id='word_1_15' title='bbox 264 713 283 756; x_wconf 89' lang='lat' dir='ltr'><strong>a</strong></span> <span class='ocrx_word' id='word_1_16' title='bbox 301 695 382 756; x_wconf 83' lang='lat' dir='ltr'><strong>mari</strong></span> <span class='ocrx_word' id='word_1_17' title='bbox 403 715 473 759; x_wconf 88' lang='lat' dir='ltr'><strong>eam</strong></span> <span class='ocrx_word' id='word_1_18' title='bbox 495 696 555 760; x_wconf 82' lang='lat' dir='ltr'><strong>elie</strong></span> <span class='ocrx_word' id='word_1_19' title='bbox 576 697 664 759; x_wconf 83' lang='lat' dir='ltr'><strong>irtam</strong></span> <span class='ocrx_word' id='word_1_20' title='bbox 688 697 837 762; x_wconf 82' lang='lat' dir='ltr'><strong>ostendit.</strong></span> <span class='ocrx_word' id='word_1_21' title='bbox 887 699 971 759; x_wconf 84' lang='lat' dir='ltr'><strong>Mela</strong></span> <span class='ocrx_word' id='word_1_22' title='bbox 993 709 1102 756; x_wconf 86' lang='lat' dir='ltr'><strong>tamen</strong></span> <span class='ocrx_word' id='word_1_23' title='bbox 1124 710 1180 756; x_wconf 86' lang='lat' dir='ltr'><strong>eat</strong></span> 
     </span>
     <span class='ocr_line' id='line_1_4' title="bbox 128 787 1176 884; baseline 0.002 -27"><span class='ocrx_word' id='word_1_24' title='bbox 128 792 241 867; x_wconf 82' lang='lat' dir='ltr'><strong>urbee,</strong></span> <span class='ocrx_word' id='word_1_25' title='bbox 263 814 346 879; x_wconf 79' lang='lat' dir='ltr'><strong>quae</strong></span> <span class='ocrx_word' id='word_1_26' title='bbox 363 798 442 859; x_wconf 87' lang='lat' dir='ltr'><strong>mari</strong></span> <span class='ocrx_word' id='word_1_27' title='bbox 457 816 524 861; x_wconf 90' lang='lat' dir='ltr'><strong>non</strong></span> <span class='ocrx_word' id='word_1_28' title='bbox 541 798 732 871; x_wconf 58' lang='lat' dir='ltr'><strong>abluuntun</strong></span> <span class='ocrx_word' id='word_1_29' title='bbox 748 801 859 884; x_wconf 84' lang='lat' dir='ltr'><strong>procul</strong></span> <span class='ocrx_word' id='word_1_30' title='bbox 875 800 914 862; x_wconf 90' lang='lat' dir='ltr'><strong>ab</strong></span> <span class='ocrx_word' id='word_1_31' title='bbox 929 819 969 861; x_wconf 86' lang='lat' dir='ltr'><strong>eo</strong></span> <span class='ocrx_word' id='word_1_32' title='bbox 984 796 1044 859; x_wconf 83' lang='lat' dir='ltr'><strong>effe</strong></span> <span class='ocrx_word' id='word_1_33' title='bbox 1060 787 1176 859; x_wconf 83' lang='lat' dir='ltr'><strong>scribit.</strong></span> 
     </span>
     <span class='ocr_line' id='line_1_5' title="bbox 128 896 1179 965; baseline -0.005 -4"><span class='ocrx_word' id='word_1_34' title='bbox 128 914 352 962; x_wconf 73' lang='lat' dir='ltr'><strong>craecorum.</strong></span> <span class='ocrx_word' id='word_1_35' title='bbox 409 898 497 963; x_wconf 85' lang='lat' dir='ltr'><strong>Cum</strong></span> <span class='ocrx_word' id='word_1_36' title='bbox 516 899 603 962; x_wconf 86' lang='lat' dir='ltr'><strong>Mela</strong></span> <span class='ocrx_word' id='word_1_37' title='bbox 620 898 824 965; x_wconf 79' lang='lat' dir='ltr'><strong>consentiunt</strong></span> <span class='ocrx_word' id='word_1_38' title='bbox 843 898 897 965; x_wconf 92' lang='lat' dir='ltr'><strong>alii</strong></span> <span class='ocrx_word' id='word_1_39' title='bbox 919 914 1073 963; x_wconf 79' lang='lat' dir='ltr'><strong>auctorne.</strong></span> <span class='ocrx_word' id='word_1_40' title='bbox 1124 896 1179 958; x_wconf 87' lang='lat' dir='ltr'><strong>Sio</strong></span> 
     </span>
     <span class='ocr_line' id='line_1_6' title="bbox 129 994 1244 1089; baseline -0.004 -26"><span class='ocrx_word' id='word_1_41' title='bbox 129 996 251 1085; x_wconf 59' lang='lat' dir='ltr'><strong>§mbo</strong></span> <span class='ocrx_word' id='word_1_42' title='bbox 264 1000 330 1063; x_wconf 69' lang='lat' dir='ltr'><strong>ol.</strong></span> <span class='ocrx_word' id='word_1_43' title='bbox 354 994 495 1082; x_wconf 78' lang='lat' dir='ltr'><strong>ponitiv</strong></span> <span class='ocrx_word' id='word_1_44' title='bbox 514 999 688 1089; x_wconf 78' lang='grc' dir='ltr'><em>μεσογαίᾳ,</em></span> <span class='ocrx_word' id='word_1_45' title='bbox 711 1002 837 1065; x_wconf 87' lang='lat' dir='ltr'><strong>Plinioe</strong></span> <span class='ocrx_word' id='word_1_46' title='bbox 853 1023 880 1066; x_wconf 88' lang='lat' dir='ltr'><strong>c.</strong></span> <span class='ocrx_word' id='word_1_47' title='bbox 896 1003 920 1065; x_wconf 93' lang='grc'><strong>1.</strong></span> <span class='ocrx_word' id='word_1_48' title='bbox 942 1004 976 1065; x_wconf 86' lang='lat' dir='ltr'><strong>in</strong></span> <span class='ocrx_word' id='word_1_49' title='bbox 993 1001 1178 1064; x_wconf 87' lang='lat' dir='ltr'><strong>mediterra-</strong></span> <span class='ocrx_word' id='word_1_50' title='bbox 1240 1040 1244 1059; x_wconf 79' lang='grc'>,</span> 
     </span>
     <span class='ocr_line' id='line_1_7' title="bbox 129 1100 1178 1193; baseline -0.003 -28"><span class='ocrx_word' id='word_1_51' title='bbox 129 1120 211 1173; x_wconf 75' lang='lat' dir='ltr'><strong>neo,</strong></span> <span class='ocrx_word' id='word_1_52' title='bbox 232 1100 437 1164; x_wconf 76' lang='lat' dir='ltr'><strong>Protemaeu·</strong></span> <span class='ocrx_word' id='word_1_53' title='bbox 455 1102 589 1165; x_wconf 73' lang='lat' dir='ltr'><strong>urbibus</strong></span> <span class='ocrx_word' id='word_1_54' title='bbox 601 1101 743 1168; x_wconf 77' lang='lat' dir='ltr'>accenset</span> <span class='ocrx_word' id='word_1_55' title='bbox 761 1102 950 1193; x_wconf 76' lang='grc' dir='ltr'><strong><em>μεσογείοις.</em></strong></span> <span class='ocrx_word' id='word_1_56' title='bbox 985 1101 1054 1166; x_wconf 82' lang='lat' dir='ltr'><strong>Nec</strong></span> <span class='ocrx_word' id='word_1_57' title='bbox 1068 1102 1178 1163; x_wconf 83' lang='lat' dir='ltr'><strong>minut</strong></span> 
     </span>
     <span class='ocr_line' id='line_1_8' title="bbox 129 1194 1179 1290; baseline -0.001 -25"><span class='ocrx_word' id='word_1_58' title='bbox 129 1200 234 1267; x_wconf 78' lang='lat' dir='ltr'><strong>hodie</strong></span> <span class='ocrx_word' id='word_1_59' title='bbox 256 1200 464 1266; x_wconf 76' lang='lat' dir='ltr'><strong>Constantina</strong></span> <span class='ocrx_word' id='word_1_60' title='bbox 486 1203 585 1290; x_wconf 71' lang='lat' dir='ltr'><strong>longe</strong></span> <span class='ocrx_word' id='word_1_61' title='bbox 606 1226 622 1269; x_wconf 92' lang='lat' dir='ltr'><strong>a</strong></span> <span class='ocrx_word' id='word_1_62' title='bbox 645 1210 725 1268; x_wconf 86' lang='lat' dir='ltr'><strong>mari</strong></span> <span class='ocrx_word' id='word_1_63' title='bbox 745 1206 789 1270; x_wconf 80' lang='lat' dir='ltr'><strong>eii</strong></span> <span class='ocrx_word' id='word_1_64' title='bbox 808 1222 943 1272; x_wconf 85' lang='lat' dir='ltr'><strong>remota.</strong></span> <span class='ocrx_word' id='word_1_65' title='bbox 996 1204 1087 1288; x_wconf 86' lang='lat' dir='ltr'><strong>Quae</strong></span> <span class='ocrx_word' id='word_1_66' title='bbox 1107 1194 1179 1283; x_wconf 86' lang='lat' dir='ltr'><strong>qui·</strong></span> 
     </span>
     <span class='ocr_line' id='line_1_9' title="bbox 130 1302 1178 1393; baseline -0.003 -26"><span class='ocrx_word' id='word_1_67' title='bbox 130 1302 211 1367; x_wconf 80' lang='lat' dir='ltr'><strong>aiem</strong></span> <span class='ocrx_word' id='word_1_68' title='bbox 230 1306 443 1389; x_wconf 75' lang='lat' dir='ltr'>repugnantia</span> <span class='ocrx_word' id='word_1_69' title='bbox 464 1306 509 1368; x_wconf 91' lang='lat' dir='ltr'><strong>ita</strong></span> <span class='ocrx_word' id='word_1_70' title='bbox 528 1304 646 1370; x_wconf 78' lang='lat' dir='ltr'>adfecit</span> <span class='ocrx_word' id='word_1_71' title='bbox 661 1308 826 1393; x_wconf 86' lang='lat' dir='ltr'><strong>Cuperum</strong></span> <span class='ocrx_word' id='word_1_72' title='bbox 843 1307 871 1372; x_wconf 71' lang='lat' dir='ltr'><strong>i.</strong></span> <span class='ocrx_word' id='word_1_73' title='bbox 892 1309 917 1372; x_wconf 93' lang='grc'><strong>1.</strong></span> <span class='ocrx_word' id='word_1_74' title='bbox 939 1322 987 1376; x_wconf 80' lang='lat' dir='ltr'><strong>ut,</strong></span> <span class='ocrx_word' id='word_1_75' title='bbox 1011 1302 1178 1387; x_wconf 82' lang='lat' dir='ltr'><strong>quomodo</strong></span> 
     </span>
     <span class='ocr_line' id='line_1_10' title="bbox 130 1404 1179 1491; baseline -0.002 -22"><span class='ocrx_word' id='word_1_76' title='bbox 130 1404 298 1469; x_wconf 81' lang='lat' dir='ltr'><strong>oonettiari</strong></span> <span class='ocrx_word' id='word_1_77' title='bbox 320 1404 439 1491; x_wconf 76' lang='lat' dir='ltr'><strong>poisat,</strong></span> <span class='ocrx_word' id='word_1_78' title='bbox 464 1405 495 1469; x_wconf 87' lang='lat' dir='ltr'><strong>ie</strong></span> <span class='ocrx_word' id='word_1_79' title='bbox 515 1427 583 1471; x_wconf 85' lang='lat' dir='ltr'><strong>non</strong></span> <span class='ocrx_word' id='word_1_80' title='bbox 600 1412 710 1475; x_wconf 85' lang='lat' dir='ltr'><strong>videre</strong></span> <span class='ocrx_word' id='word_1_81' title='bbox 730 1409 891 1473; x_wconf 82' lang='lat' dir='ltr'><strong>fateretur.</strong></span> <span class='ocrx_word' id='word_1_82' title='bbox 932 1408 1110 1491; x_wconf 71' lang='lat' dir='ltr'><strong>Expeditior</strong></span> <span class='ocrx_word' id='word_1_83' title='bbox 1132 1415 1179 1467; x_wconf 85' lang='lat' dir='ltr'><strong>ta·</strong></span> 
     </span>
    </p>
   </div>
   <div class='ocr_carea' id='block_1_3' title="bbox 130 1504 1299 1597">
    <p class='ocr_par' dir='ltr' id='par_1_3' title="bbox 130 1504 1299 1597">
     <span class='ocr_line' id='line_1_11' title="bbox 130 1504 1299 1597; baseline 0.003 -27"><span class='ocrx_word' id='word_1_84' title='bbox 130 1514 231 1579; x_wconf 79' lang='lat' dir='ltr'><strong>ittera,</strong></span> <span class='ocrx_word' id='word_1_85' title='bbox 266 1504 511 1592; x_wconf 82' lang='lat' dir='ltr'><strong>iioogitemua,</strong></span> <span class='ocrx_word' id='word_1_86' title='bbox 545 1506 718 1597; x_wconf 78' lang='lat' dir='ltr'><strong>Iugurthae</strong></span> <span class='ocrx_word' id='word_1_87' title='bbox 743 1525 777 1575; x_wconf 86' lang='lat' dir='ltr'><strong>et</strong></span> <span class='ocrx_word' id='word_1_88' title='bbox 798 1511 985 1575; x_wconf 75' lang='lat' dir='ltr'>Adherbalis</span> <span class='ocrx_word' id='word_1_89' title='bbox 1010 1508 1178 1578; x_wconf 81' lang='lat' dir='ltr'><strong>exercitur,</strong></span> <span class='ocrx_word' id='word_1_90' title='bbox 1226 1513 1230 1518; x_wconf 82' lang='lat'>&#39;</span> <span class='ocrx_word' id='word_1_91' title='bbox 1264 1536 1268 1545; x_wconf 69' lang='grc'>’</span> <span class='ocrx_word' id='word_1_92' title='bbox 1296 1568 1299 1573; x_wconf 91' lang='grc'><strong>.</strong></span> 
     </span>
    </p>
   </div>
   <div class='ocr_carea' id='block_1_4' title="bbox 128 1605 1272 3622">
    <p class='ocr_par' dir='ltr' id='par_1_4' title="bbox 128 1605 1272 3622">
     <span class='ocr_line' id='line_1_12' title="bbox 128 1605 1179 1698; baseline -0.003 -27"><span class='ocrx_word' id='word_1_93' title='bbox 128 1626 213 1691; x_wconf 85' lang='lat' dir='ltr'><strong>quaa</strong></span> <span class='ocrx_word' id='word_1_94' title='bbox 232 1605 321 1670; x_wconf 81' lang='lat' dir='ltr'><strong>haud</strong></span> <span class='ocrx_word' id='word_1_95' title='bbox 349 1609 447 1696; x_wconf 77' lang='lat' dir='ltr'><strong>longe</strong></span> <span class='ocrx_word' id='word_1_96' title='bbox 470 1614 584 1673; x_wconf 87' lang='lat' dir='ltr'><strong>amari</strong></span> <span class='ocrx_word' id='word_1_97' title='bbox 609 1633 710 1698; x_wconf 88' lang='lat' dir='ltr'><strong>prope</strong></span> <span class='ocrx_word' id='word_1_98' title='bbox 732 1613 855 1679; x_wconf 86' lang='lat' dir='ltr'><strong>Cirtam</strong></span> <span class='ocrx_word' id='word_1_99' title='bbox 882 1608 1050 1677; x_wconf 79' lang='lat' dir='ltr'><strong>consediffo</strong></span> <span class='ocrx_word' id='word_1_100' title='bbox 1073 1616 1179 1669; x_wconf 83' lang='lat' dir='ltr'><strong>narrat</strong></span> 
     </span>
     <span class='ocr_line' id='line_1_13' title="bbox 128 1706 1198 1781; baseline -0.002 -8"><span class='ocrx_word' id='word_1_101' title='bbox 128 1706 296 1773; x_wconf 71' lang='lat' dir='ltr'><strong>smoniae</strong></span> <span class='ocrx_word' id='word_1_102' title='bbox 318 1728 347 1772; x_wconf 89' lang='lat' dir='ltr'><strong>o.</strong></span> <span class='ocrx_word' id='word_1_103' title='bbox 372 1711 395 1774; x_wconf 93' lang='grc'><strong>1.</strong></span> <span class='ocrx_word' id='word_1_104' title='bbox 425 1712 510 1774; x_wconf 89' lang='lat' dir='ltr'><strong>inter</strong></span> <span class='ocrx_word' id='word_1_105' title='bbox 530 1711 653 1777; x_wconf 85' lang='lat' dir='ltr'><strong>Cirtam</strong></span> <span class='ocrx_word' id='word_1_106' title='bbox 674 1730 709 1779; x_wconf 90' lang='lat' dir='ltr'><strong>et</strong></span> <span class='ocrx_word' id='word_1_107' title='bbox 731 1735 818 1779; x_wconf 87' lang='lat' dir='ltr'><strong>mere</strong></span> <span class='ocrx_word' id='word_1_108' title='bbox 840 1714 932 1778; x_wconf 75' lang='lat' dir='ltr'><strong>castra</strong></span> <span class='ocrx_word' id='word_1_109' title='bbox 954 1706 1111 1781; x_wconf 73' lang='lat' dir='ltr'><strong>introitio,</strong></span> <span class='ocrx_word' id='word_1_110' title='bbox 1144 1719 1198 1781; x_wconf 57' lang='lat' dir='ltr'><strong>et,</strong></span> 
     </span>
     <span class='ocr_line' id='line_1_14' title="bbox 129 1807 1176 1901; baseline 0.009 -28"><span class='ocrx_word' id='word_1_111' title='bbox 129 1808 213 1901; x_wconf 72' lang='lat' dir='ltr'><strong>hirta</strong></span> <span class='ocrx_word' id='word_1_112' title='bbox 232 1827 303 1874; x_wconf 90' lang='lat' dir='ltr'><strong>non</strong></span> <span class='ocrx_word' id='word_1_113' title='bbox 321 1811 419 1898; x_wconf 82' lang='lat' dir='ltr'><strong>longe</strong></span> <span class='ocrx_word' id='word_1_114' title='bbox 440 1815 571 1878; x_wconf 86' lang='lat' dir='ltr'><strong>amari.</strong></span> <span class='ocrx_word' id='word_1_115' title='bbox 623 1817 711 1878; x_wconf 86' lang='lat' dir='ltr'><strong>Turn</strong></span> <span class='ocrx_word' id='word_1_116' title='bbox 732 1817 903 1900; x_wconf 84' lang='lat' dir='ltr'><strong>particulae</strong></span> <span class='ocrx_word' id='word_1_117' title='bbox 921 1816 1028 1895; x_wconf 78' lang='lat' dir='ltr'><strong>longe,</strong></span> <span class='ocrx_word' id='word_1_118' title='bbox 1055 1807 1176 1892; x_wconf 74' lang='lat' dir='ltr'><strong>procui.</strong></span> 
     </span>
     <span class='ocr_line' id='line_1_15' title="bbox 130 1908 1178 2002; baseline -0.006 -25"><span class='ocrx_word' id='word_1_119' title='bbox 130 1908 224 2002; x_wconf 75' lang='lat' dir='ltr'><strong>posi.</strong></span> <span class='ocrx_word' id='word_1_120' title='bbox 251 1924 343 1985; x_wconf 82' lang='lat' dir='ltr'><strong>ante,</strong></span> <span class='ocrx_word' id='word_1_121' title='bbox 367 1927 406 1976; x_wconf 86' lang='lat' dir='ltr'><strong>nt</strong></span> <span class='ocrx_word' id='word_1_122' title='bbox 428 1936 528 1996; x_wconf 81' lang='lat' dir='ltr'><strong>nuper</strong></span> <span class='ocrx_word' id='word_1_123' title='bbox 550 1934 619 1979; x_wconf 85' lang='lat' dir='ltr'><strong>non</strong></span> <span class='ocrx_word' id='word_1_124' title='bbox 648 1915 770 2001; x_wconf 75' lang='lat' dir='ltr'><strong>semper</strong></span> <span class='ocrx_word' id='word_1_125' title='bbox 791 1917 901 1980; x_wconf 84' lang='lat' dir='ltr'><strong>artiori</strong></span> <span class='ocrx_word' id='word_1_126' title='bbox 923 1914 1010 1979; x_wconf 83' lang='lat' dir='ltr'><strong>senio</strong></span> <span class='ocrx_word' id='word_1_127' title='bbox 1038 1911 1178 1997; x_wconf 76' lang='lat' dir='ltr'><strong>intelligi</strong></span> 
     </span>
     <span class='ocr_line' id='line_1_16' title="bbox 131 2011 1176 2086; baseline -0.003 -10"><span class='ocrx_word' id='word_1_128' title='bbox 131 2014 274 2086; x_wconf 81' lang='lat' dir='ltr'><strong>aiebant,</strong></span> <span class='ocrx_word' id='word_1_129' title='bbox 305 2027 344 2077; x_wconf 83' lang='lat' dir='ltr'><strong>nt</strong></span> <span class='ocrx_word' id='word_1_130' title='bbox 372 2016 413 2077; x_wconf 84' lang='lat' dir='ltr'><strong>ad</strong></span> <span class='ocrx_word' id='word_1_131' title='bbox 432 2016 617 2080; x_wconf 79' lang='lat' dir='ltr'><strong>Sallustium</strong></span> <span class='ocrx_word' id='word_1_132' title='bbox 643 2018 754 2080; x_wconf 81' lang='lat' dir='ltr'><strong>docuit</strong></span> <span class='ocrx_word' id='word_1_133' title='bbox 777 2016 885 2082; x_wconf 84' lang='lat' dir='ltr'><strong>Corte.</strong></span> <span class='ocrx_word' id='word_1_134' title='bbox 937 2011 1022 2078; x_wconf 84' lang='lat' dir='ltr'><strong>Nam</strong></span> <span class='ocrx_word' id='word_1_135' title='bbox 1047 2027 1176 2074; x_wconf 87' lang='lat' dir='ltr'><strong>tentum</strong></span> 
     </span>
     <span class='ocr_line' id='line_1_17' title="bbox 130 2104 1176 2202; baseline -0.002 -26"><span class='ocrx_word' id='word_1_136' title='bbox 130 2126 184 2197; x_wconf 77' lang='lat'><strong>48</strong></span> <span class='ocrx_word' id='word_1_137' title='bbox 204 2115 384 2179; x_wconf 80' lang='lat' dir='ltr'><strong>miliaribtte</strong></span> <span class='ocrx_word' id='word_1_138' title='bbox 407 2118 550 2202; x_wconf 76' lang='lat' dir='ltr'><strong>Angiicie</strong></span> <span class='ocrx_word' id='word_1_139' title='bbox 577 2139 595 2180; x_wconf 90' lang='lat' dir='ltr'><strong>a</strong></span> <span class='ocrx_word' id='word_1_140' title='bbox 623 2121 703 2181; x_wconf 85' lang='lat' dir='ltr'><strong>mari</strong></span> <span class='ocrx_word' id='word_1_141' title='bbox 727 2126 891 2183; x_wconf 85' lang='lat' dir='ltr'><strong>remotam</strong></span> <span class='ocrx_word' id='word_1_142' title='bbox 919 2104 1013 2180; x_wconf 70' lang='lat' dir='ltr'><strong>tuitii</strong></span> <span class='ocrx_word' id='word_1_143' title='bbox 1041 2115 1176 2186; x_wconf 80' lang='lat' dir='ltr'><strong>Cirtam,</strong></span> 
     </span>
     <span class='ocr_line' id='line_1_18' title="bbox 130 2200 1232 2304; baseline -0.003 -23"><span class='ocrx_word' id='word_1_144' title='bbox 130 2218 236 2281; x_wconf 68' lang='lat' dir='ltr'><strong>eamr</strong></span> <span class='ocrx_word' id='word_1_145' title='bbox 250 2218 348 2282; x_wconf 69' lang='lat' dir='ltr'><strong>stow</strong></span> <span class='ocrx_word' id='word_1_146' title='bbox 362 2220 405 2281; x_wconf 82' lang='lat' dir='ltr'><strong>r.</strong></span> <span class='ocrx_word' id='word_1_147' title='bbox 425 2239 455 2283; x_wconf 72' lang='grc' dir='ltr'><strong>ι.</strong></span> <span class='ocrx_word' id='word_1_148' title='bbox 475 2222 605 2302; x_wconf 73' lang='lat' dir='ltr'><strong>p.15o.</strong></span> <span class='ocrx_word' id='word_1_149' title='bbox 625 2221 683 2283; x_wconf 76' lang='lat' dir='ltr'><strong>uta</strong></span> <span class='ocrx_word' id='word_1_150' title='bbox 700 2221 789 2304; x_wconf 71' lang='lat' dir='ltr'><strong>ptura</strong></span> <span class='ocrx_word' id='word_1_151' title='bbox 804 2222 845 2284; x_wconf 74' lang='lat' dir='ltr'><strong>ae</strong></span> <span class='ocrx_word' id='word_1_152' title='bbox 864 2221 935 2284; x_wconf 76' lang='lat' dir='ltr'><strong>otu.</strong></span> <span class='ocrx_word' id='word_1_153' title='bbox 969 2218 1070 2302; x_wconf 79' lang='lat' dir='ltr'><strong>Quoa</strong></span> <span class='ocrx_word' id='word_1_154' title='bbox 1084 2215 1177 2278; x_wconf 73' lang='lat' dir='ltr'><strong>enam</strong></span> <span class='ocrx_word' id='word_1_155' title='bbox 1228 2200 1232 2209; x_wconf 89' lang='lat'>&#39;</span> 
     </span>
     <span class='ocr_line' id='line_1_19' title="bbox 131 2314 1176 2405; baseline -0.006 -23"><span class='ocrx_word' id='word_1_156' title='bbox 131 2319 245 2402; x_wconf 72' lang='lat' dir='ltr'><strong>promi</strong></span> <span class='ocrx_word' id='word_1_157' title='bbox 261 2320 392 2403; x_wconf 79' lang='lat' dir='ltr'><strong>quidam</strong></span> <span class='ocrx_word' id='word_1_158' title='bbox 415 2321 580 2384; x_wconf 79' lang='lat' dir='ltr'><strong>interdum</strong></span> <span class='ocrx_word' id='word_1_159' title='bbox 600 2316 760 2404; x_wconf 81' lang='lat' dir='ltr'><strong>explicant</strong></span> <span class='ocrx_word' id='word_1_160' title='bbox 785 2341 885 2405; x_wconf 80' lang='lat' dir='ltr'><strong><em>prope</em></strong></span> <span class='ocrx_word' id='word_1_161' title='bbox 903 2339 979 2383; x_wconf 80' lang='lat' dir='ltr'><strong>oum</strong></span> <span class='ocrx_word' id='word_1_162' title='bbox 998 2318 1112 2383; x_wconf 84' lang='lat' dir='ltr'><strong>Servio</strong></span> <span class='ocrx_word' id='word_1_163' title='bbox 1133 2314 1176 2377; x_wconf 83' lang='lat' dir='ltr'><strong>ad</strong></span> 
     </span>
     <span class='ocr_line' id='line_1_20' title="bbox 134 2420 1224 2509; baseline -0.006 -24"><span class='ocrx_word' id='word_1_164' title='bbox 134 2422 250 2507; x_wconf 76' lang='lat' dir='ltr'><strong>virgil.</strong></span> <span class='ocrx_word' id='word_1_165' title='bbox 272 2424 354 2487; x_wconf 75' lang='lat' dir='ltr'><strong>Aen.</strong></span> <span class='ocrx_word' id='word_1_166' title='bbox 376 2422 411 2499; x_wconf 78' lang='lat'><strong>6,</strong></span> <span class='ocrx_word' id='word_1_167' title='bbox 440 2423 495 2487; x_wconf 81' lang='lat'><strong>16.</strong></span> <span class='ocrx_word' id='word_1_168' title='bbox 521 2424 574 2486; x_wconf 83' lang='lat' dir='ltr'><strong>vel</strong></span> <span class='ocrx_word' id='word_1_169' title='bbox 601 2426 697 2485; x_wconf 81' lang='lat' dir='ltr'><strong>iuxta</strong></span> <span class='ocrx_word' id='word_1_170' title='bbox 716 2443 792 2487; x_wconf 88' lang='lat' dir='ltr'><strong>oum</strong></span> <span class='ocrx_word' id='word_1_171' title='bbox 812 2422 930 2488; x_wconf 86' lang='lat' dir='ltr'><strong>edoem</strong></span> <span class='ocrx_word' id='word_1_172' title='bbox 953 2420 992 2483; x_wconf 87' lang='lat' dir='ltr'><strong>ad</strong></span> <span class='ocrx_word' id='word_1_173' title='bbox 1014 2421 1094 2483; x_wconf 78' lang='lat' dir='ltr'><strong>Aen.</strong></span> <span class='ocrx_word' id='word_1_174' title='bbox 1118 2435 1174 2488; x_wconf 84' lang='lat' dir='ltr'><strong>ro,</strong></span> <span class='ocrx_word' id='word_1_175' title='bbox 1220 2442 1224 2509; x_wconf 35' lang='grc' dir='ltr'>ζ</span> 
     </span>
     <span class='ocr_line' id='line_1_21' title="bbox 134 2518 1193 2610; baseline -0.007 -23"><span class='ocrx_word' id='word_1_176' title='bbox 134 2533 223 2603; x_wconf 71' lang='grc'><strong>835.</strong></span> <span class='ocrx_word' id='word_1_177' title='bbox 242 2518 327 2587; x_wconf 80' lang='lat' dir='ltr'><strong>conl.</strong></span> <span class='ocrx_word' id='word_1_178' title='bbox 347 2524 421 2587; x_wconf 84' lang='lat' dir='ltr'><strong>ioco</strong></span> <span class='ocrx_word' id='word_1_179' title='bbox 442 2525 555 2610; x_wconf 63' lang='grc' dir='ltr'><strong>σῶος.</strong></span> <span class='ocrx_word' id='word_1_180' title='bbox 571 2522 605 2596; x_wconf 84' lang='grc'><strong>6,</strong></span> <span class='ocrx_word' id='word_1_181' title='bbox 630 2526 685 2589; x_wconf 88' lang='grc' dir='ltr'><strong>ι6.</strong></span> <span class='ocrx_word' id='word_1_182' title='bbox 716 2544 778 2589; x_wconf 85' lang='lat' dir='ltr'><strong>neo</strong></span> <span class='ocrx_word' id='word_1_183' title='bbox 800 2523 1003 2608; x_wconf 72' lang='lat' dir='ltr'><strong>improbante</strong></span> <span class='ocrx_word' id='word_1_184' title='bbox 1031 2520 1193 2599; x_wconf 58' lang='lat' dir='ltr'><strong>Heynioa‘</strong></span> 
     </span>
     <span class='ocr_line' id='line_1_22' title="bbox 131 2618 1178 2710; baseline -0.006 -23"><span class='ocrx_word' id='word_1_185' title='bbox 131 2626 379 2710; x_wconf 79' lang='lat' dir='ltr'><strong>ambiguitatem</strong></span> <span class='ocrx_word' id='word_1_186' title='bbox 393 2625 427 2686; x_wconf 89' lang='lat' dir='ltr'><strong>id</strong></span> <span class='ocrx_word' id='word_1_187' title='bbox 444 2623 622 2689; x_wconf 75' lang='lat' dir='ltr'><strong>versatilem</strong></span> <span class='ocrx_word' id='word_1_188' title='bbox 640 2624 767 2690; x_wconf 81' lang='lat' dir='ltr'><strong>efficiat.</strong></span> <span class='ocrx_word' id='word_1_189' title='bbox 810 2628 912 2690; x_wconf 82' lang='lat' dir='ltr'><strong>Reate</strong></span> <span class='ocrx_word' id='word_1_190' title='bbox 933 2625 1030 2710; x_wconf 77' lang='lat' dir='ltr'><strong>igitur</strong></span> <span class='ocrx_word' id='word_1_191' title='bbox 1046 2618 1178 2684; x_wconf 84' lang='lat' dir='ltr'><strong>monuit</strong></span> 
     </span>
     <span class='ocr_line' id='line_1_23' title="bbox 132 2719 1177 2806; baseline -0.005 -16"><span class='ocrx_word' id='word_1_192' title='bbox 132 2724 285 2790; x_wconf 82' lang='lat' dir='ltr'><strong>Perizon.</strong></span> <span class='ocrx_word' id='word_1_193' title='bbox 308 2725 348 2788; x_wconf 86' lang='lat' dir='ltr'><strong>ad</strong></span> <span class='ocrx_word' id='word_1_194' title='bbox 370 2727 491 2790; x_wconf 84' lang='lat' dir='ltr'><strong>Sanatii</strong></span> <span class='ocrx_word' id='word_1_195' title='bbox 512 2726 656 2792; x_wconf 83' lang='lat' dir='ltr'><strong>Minerv.</strong></span> <span class='ocrx_word' id='word_1_196' title='bbox 675 2747 705 2801; x_wconf 84' lang='lat' dir='ltr'><strong>t,</strong></span> <span class='ocrx_word' id='word_1_197' title='bbox 727 2730 784 2793; x_wconf 80' lang='lat'><strong>16.</strong></span> <span class='ocrx_word' id='word_1_198' title='bbox 803 2741 875 2792; x_wconf 89' lang='lat' dir='ltr'><strong>not.</strong></span> <span class='ocrx_word' id='word_1_199' title='bbox 889 2742 923 2805; x_wconf 86' lang='lat'><strong>7.</strong></span> <span class='ocrx_word' id='word_1_200' title='bbox 950 2725 1006 2789; x_wconf 85' lang='lat' dir='ltr'><strong>etii</strong></span> <span class='ocrx_word' id='word_1_201' title='bbox 1022 2719 1177 2806; x_wconf 77' lang='lat' dir='ltr'><strong>despatio</strong></span> 
     </span>
     <span class='ocr_line' id='line_1_24' title="bbox 131 2826 1272 2914; baseline -0.006 -23"><span class='ocrx_word' id='word_1_202' title='bbox 131 2846 204 2891; x_wconf 83' lang='lat' dir='ltr'><strong>non</strong></span> <span class='ocrx_word' id='word_1_203' title='bbox 218 2829 320 2912; x_wconf 77' lang='lat' dir='ltr'><strong>longo</strong></span> <span class='ocrx_word' id='word_1_204' title='bbox 333 2826 474 2900; x_wconf 83' lang='lat' dir='ltr'><strong>dicatur,</strong></span> <span class='ocrx_word' id='word_1_205' title='bbox 501 2827 730 2913; x_wconf 75' lang='lat' dir='ltr'><strong>separationem</strong></span> <span class='ocrx_word' id='word_1_206' title='bbox 749 2843 857 2893; x_wconf 86' lang='lat' dir='ltr'><strong>tamen</strong></span> <span class='ocrx_word' id='word_1_207' title='bbox 872 2848 908 2891; x_wconf 84' lang='lat' dir='ltr'><strong>ao</strong></span> <span class='ocrx_word' id='word_1_208' title='bbox 923 2830 1144 2890; x_wconf 88' lang='lat' dir='ltr'><strong>remotionem</strong></span> <span class='ocrx_word' id='word_1_209' title='bbox 1157 2842 1176 2885; x_wconf 87' lang='lat' dir='ltr'><strong>a</strong></span> <span class='ocrx_word' id='word_1_210' title='bbox 1269 2908 1272 2914; x_wconf 24' lang='grc' dir='ltr'>Ι</span> 
     </span>
     <span class='ocr_line' id='line_1_25' title="bbox 131 2923 1176 3015; baseline -0.005 -21"><span class='ocrx_word' id='word_1_211' title='bbox 131 2928 207 2994; x_wconf 75' lang='lat' dir='ltr'><strong>loeo</strong></span> <span class='ocrx_word' id='word_1_212' title='bbox 231 2926 374 3012; x_wconf 81' lang='lat' dir='ltr'><strong>adpoiito</strong></span> <span class='ocrx_word' id='word_1_213' title='bbox 398 2929 564 2995; x_wconf 75' lang='lat' dir='ltr'><strong>denotare.</strong></span> <span class='ocrx_word' id='word_1_214' title='bbox 613 2929 753 3015; x_wconf 73' lang='lat' dir='ltr'><strong>Adparet</strong></span> <span class='ocrx_word' id='word_1_215' title='bbox 783 2932 847 2993; x_wconf 83' lang='lat' dir='ltr'><strong>hoo</strong></span> <span class='ocrx_word' id='word_1_216' title='bbox 867 2923 1113 2992; x_wconf 76' lang='lat' dir='ltr'><strong>inorientiss&#39;rme</strong></span> <span class='ocrx_word' id='word_1_217' title='bbox 1139 2927 1176 2989; x_wconf 84' lang='lat' dir='ltr'><strong>in</strong></span> 
     </span>
     <span class='ocr_line' id='line_1_26' title="bbox 131 3012 1177 3124; baseline -0.005 -31"><span class='ocrx_word' id='word_1_218' title='bbox 131 3032 249 3118; x_wconf 83' lang='lat' dir='ltr'><strong>primia</strong></span> <span class='ocrx_word' id='word_1_219' title='bbox 264 3049 305 3093; x_wconf 86' lang='lat' dir='ltr'><strong>err</strong></span> <span class='ocrx_word' id='word_1_220' title='bbox 349 3032 506 3095; x_wconf 85' lang='lat' dir='ltr'><strong>erratione</strong></span> <span class='ocrx_word' id='word_1_221' title='bbox 521 3032 626 3096; x_wconf 86' lang='lat' dir='ltr'><strong>Melae</strong></span> <span class='ocrx_word' id='word_1_222' title='bbox 646 3050 678 3104; x_wconf 80' lang='lat' dir='ltr'><strong>a,</strong></span> <span class='ocrx_word' id='word_1_223' title='bbox 694 3045 727 3112; x_wconf 74' lang='lat'><strong>3,</strong></span> <span class='ocrx_word' id='word_1_224' title='bbox 745 3043 780 3110; x_wconf 82' lang='lat'><strong>5.</strong></span> <span class='ocrx_word' id='word_1_225' title='bbox 794 3022 882 3124; x_wconf 81' lang='lat' dir='ltr'><strong>foras</strong></span> <span class='ocrx_word' id='word_1_226' title='bbox 896 3022 1013 3123; x_wconf 82' lang='lat' dir='ltr'><strong>faces,</strong></span> <span class='ocrx_word' id='word_1_227' title='bbox 1040 3012 1177 3119; x_wconf 62' lang='lat' dir='ltr'><strong>ubismo</strong></span> 
     </span>
     <span class='ocr_line' id='line_1_27' title="bbox 133 3051 1192 3217; baseline -0.003 -23"><span class='ocrx_word' id='word_1_228' title='bbox 133 3132 206 3217; x_wconf 65' lang='lat' dir='ltr'><strong>igni</strong></span> <span class='ocrx_word' id='word_1_229' title='bbox 220 3051 572 3214; x_wconf 64' lang='lat' dir='ltr'><strong>pree-immor.</strong></span> <span class='ocrx_word' id='word_1_230' title='bbox 598 3132 755 3197; x_wconf 74' lang='lat' dir='ltr'><strong>accendit.</strong></span> <span class='ocrx_word' id='word_1_231' title='bbox 805 3133 859 3198; x_wconf 77' lang='lat' dir='ltr'><strong>stc</strong></span> <span class='ocrx_word' id='word_1_232' title='bbox 873 3131 960 3215; x_wconf 77' lang='lat' dir='ltr'><strong>quod</strong></span> <span class='ocrx_word' id='word_1_233' title='bbox 981 3132 1021 3193; x_wconf 89' lang='lat' dir='ltr'><strong>de</strong></span> <span class='ocrx_word' id='word_1_234' title='bbox 1043 3129 1192 3193; x_wconf 70' lang='lat' dir='ltr'><strong>interio·</strong></span> 
     </span>
     <span class='ocr_line' id='line_1_28' title="bbox 132 3228 1203 3318; baseline -0.005 -21"><span class='ocrx_word' id='word_1_235' title='bbox 132 3234 227 3298; x_wconf 80' lang='lat' dir='ltr'><strong>ribue</strong></span> <span class='ocrx_word' id='word_1_236' title='bbox 250 3230 333 3296; x_wconf 78' lang='lat' dir='ltr'><strong>atria</strong></span> <span class='ocrx_word' id='word_1_237' title='bbox 351 3234 446 3296; x_wconf 84' lang='lat' dir='ltr'><strong>tradit</strong></span> <span class='ocrx_word' id='word_1_238' title='bbox 465 3244 495 3306; x_wconf 81' lang='lat' dir='ltr'><strong>i,</strong></span> <span class='ocrx_word' id='word_1_239' title='bbox 514 3246 549 3314; x_wconf 76' lang='grc'><strong>8,</strong></span> <span class='ocrx_word' id='word_1_240' title='bbox 571 3242 608 3318; x_wconf 75' lang='grc'><strong>4.</strong></span> <span class='ocrx_word' id='word_1_241' title='bbox 639 3234 680 3297; x_wconf 83' lang='lat' dir='ltr'><strong>de</strong></span> <span class='ocrx_word' id='word_1_242' title='bbox 703 3231 791 3298; x_wconf 73' lang='lat' dir='ltr'><strong>Airit&#39;</strong></span> <span class='ocrx_word' id='word_1_243' title='bbox 807 3234 922 3318; x_wconf 85' lang='lat' dir='ltr'><strong>procui</strong></span> <span class='ocrx_word' id='word_1_244' title='bbox 942 3254 959 3294; x_wconf 89' lang='lat' dir='ltr'><strong>a</strong></span> <span class='ocrx_word' id='word_1_245' title='bbox 980 3232 1059 3293; x_wconf 84' lang='lat' dir='ltr'><strong>mari</strong></span> <span class='ocrx_word' id='word_1_246' title='bbox 1078 3228 1177 3293; x_wconf 81' lang='lat' dir='ltr'><strong>refert</strong></span> <span class='ocrx_word' id='word_1_247' title='bbox 1199 3244 1203 3251; x_wconf 89' lang='lat'>&#39;</span> 
     </span>
     <span class='ocr_line' id='line_1_29' title="bbox 132 3333 1177 3421; baseline -0.007 -20"><span class='ocrx_word' id='word_1_248' title='bbox 132 3334 258 3401; x_wconf 68' lang='lat' dir='ltr'><strong>tilloit</strong></span> <span class='ocrx_word' id='word_1_249' title='bbox 281 3336 355 3421; x_wconf 77' lang='lat' dir='ltr'><strong>lug.</strong></span> <span class='ocrx_word' id='word_1_250' title='bbox 375 3354 404 3398; x_wconf 85' lang='lat' dir='ltr'><strong>o.</strong></span> <span class='ocrx_word' id='word_1_251' title='bbox 421 3347 483 3417; x_wconf 70' lang='lat'><strong>89.</strong></span> <span class='ocrx_word' id='word_1_252' title='bbox 500 3334 522 3400; x_wconf 85' lang='grc'><strong>1.</strong></span> <span class='ocrx_word' id='word_1_253' title='bbox 538 3344 600 3420; x_wconf 75' lang='lat'><strong>94.</strong></span> <span class='ocrx_word' id='word_1_254' title='bbox 650 3336 769 3400; x_wconf 82' lang='lat' dir='ltr'><strong>Procul</strong></span> <span class='ocrx_word' id='word_1_255' title='bbox 790 3336 923 3399; x_wconf 83' lang='lat' dir='ltr'><strong>Emodo</strong></span> <span class='ocrx_word' id='word_1_256' title='bbox 937 3348 1050 3397; x_wconf 87' lang='lat' dir='ltr'><strong>monte</strong></span> <span class='ocrx_word' id='word_1_257' title='bbox 1065 3333 1177 3397; x_wconf 83' lang='lat' dir='ltr'><strong>Oxum</strong></span> 
     </span>
     <span class='ocr_line' id='line_1_30' title="bbox 135 3432 1176 3520; baseline -0.006 -18"><span class='ocrx_word' id='word_1_258' title='bbox 135 3435 327 3502; x_wconf 75' lang='lat' dir='ltr'><strong>deieendere</strong></span> <span class='ocrx_word' id='word_1_259' title='bbox 350 3436 430 3499; x_wconf 84' lang='lat' dir='ltr'><strong>dicit</strong></span> <span class='ocrx_word' id='word_1_260' title='bbox 450 3438 565 3502; x_wconf 73' lang='lat' dir='ltr'><strong>Arion.</strong></span> <span class='ocrx_word' id='word_1_261' title='bbox 582 3454 618 3501; x_wconf 80' lang='lat' dir='ltr'><strong>v.</strong></span> <span class='ocrx_word' id='word_1_262' title='bbox 635 3438 722 3518; x_wconf 79' lang='lat'><strong>926.</strong></span> <span class='ocrx_word' id='word_1_263' title='bbox 746 3434 805 3499; x_wconf 87' lang='lat' dir='ltr'><strong>ubi</strong></span> <span class='ocrx_word' id='word_1_264' title='bbox 829 3432 1009 3520; x_wconf 67' lang='lat' dir='ltr'><strong>simpliciter</strong></span> <span class='ocrx_word' id='word_1_265' title='bbox 1031 3436 1065 3497; x_wconf 88' lang='lat' dir='ltr'><strong>id</strong></span> <span class='ocrx_word' id='word_1_266' title='bbox 1085 3437 1176 3498; x_wconf 81' lang='lat' dir='ltr'><strong>&#39;adfir-</strong></span> 
     </span>
     <span class='ocr_line' id='line_1_31' title="bbox 134 3536 1177 3622; baseline -0.007 -18"><span class='ocrx_word' id='word_1_267' title='bbox 134 3551 228 3604; x_wconf 79' lang='lat' dir='ltr'><strong>mant</strong></span> <span class='ocrx_word' id='word_1_268' title='bbox 251 3536 388 3618; x_wconf 79' lang='lat' dir='ltr'><strong>Dionys.</strong></span> <span class='ocrx_word' id='word_1_269' title='bbox 409 3558 443 3602; x_wconf 79' lang='lat' dir='ltr'><strong>v.</strong></span> <span class='ocrx_word' id='word_1_270' title='bbox 469 3549 553 3620; x_wconf 76' lang='lat'><strong>¹747.</strong></span> <span class='ocrx_word' id='word_1_271' title='bbox 576 3552 611 3602; x_wconf 91' lang='lat' dir='ltr'><strong>et</strong></span> <span class='ocrx_word' id='word_1_272' title='bbox 627 3537 778 3602; x_wconf 82' lang='lat' dir='ltr'><strong>Priioian.</strong></span> <span class='ocrx_word' id='word_1_273' title='bbox 798 3540 834 3604; x_wconf 72' lang='grc' dir='ltr'><strong>ν’.</strong></span> <span class='ocrx_word' id='word_1_274' title='bbox 853 3551 939 3618; x_wconf 79' lang='lat'><strong>724.</strong></span> <span class='ocrx_word' id='word_1_275' title='bbox 990 3538 1090 3622; x_wconf 86' lang='lat' dir='ltr'><strong>Quod</strong></span> <span class='ocrx_word' id='word_1_276' title='bbox 1107 3537 1177 3620; x_wconf 87' lang='lat' dir='ltr'><strong>qoi-</strong></span> 
     </span>
    </p>
   </div>
   <div class='ocr_carea' id='block_1_5' title="bbox 136 3640 1275 3705">
    <p class='ocr_par' dir='ltr' id='par_1_5' title="bbox 136 3640 1275 3705">
     <span class='ocr_line' id='line_1_32' title="bbox 136 3640 1275 3705; baseline -0.007 1"><span class='ocrx_word' id='word_1_277' title='bbox 136 3640 213 3705; x_wconf 75' lang='lat' dir='ltr'><strong>dem</strong></span> <span class='ocrx_word' id='word_1_278' title='bbox 226 3640 326 3703; x_wconf 81' lang='lat' dir='ltr'><strong>etiam</strong></span> <span class='ocrx_word' id='word_1_279' title='bbox 340 3640 523 3702; x_wconf 87' lang='lat' dir='ltr'><strong>notandum</strong></span> <span class='ocrx_word' id='word_1_280' title='bbox 541 3640 585 3703; x_wconf 78' lang='lat' dir='ltr'><strong>est</strong></span> <span class='ocrx_word' id='word_1_281' title='bbox 600 3652 710 3704; x_wconf 88' lang='lat' dir='ltr'><strong>contra</strong></span> <span class='ocrx_word' id='word_1_282' title='bbox 725 3640 897 3705; x_wconf 86' lang='lat' dir='ltr'><strong>Claudium</strong></span> <span class='ocrx_word' id='word_1_283' title='bbox 914 3640 1102 3702; x_wconf 85' lang='lat' dir='ltr'><strong>Vordorium</strong></span> <span class='ocrx_word' id='word_1_284' title='bbox 1116 3640 1189 3700; x_wconf 82' lang='lat' dir='ltr'><strong>ini·¹</strong></span> <span class='ocrx_word' id='word_1_285' title='bbox 1270 3646 1275 3654; x_wconf 80' lang='grc'><strong>“</strong></span> 
     </span>
    </p>
   </div>
   <div class='ocr_carea' id='block_1_6' title="bbox 136 3739 1232 4130">
    <p class='ocr_par' dir='ltr' id='par_1_6' title="bbox 136 3739 1232 4130">
     <span class='ocr_line' id='line_1_33' title="bbox 136 3739 1232 3826; baseline -0.002 -20"><span class='ocrx_word' id='word_1_286' title='bbox 136 3760 240 3826; x_wconf 78' lang='lat' dir='ltr'><strong>qaum</strong></span> <span class='ocrx_word' id='word_1_287' title='bbox 253 3756 288 3805; x_wconf 86' lang='lat' dir='ltr'><strong>et</strong></span> <span class='ocrx_word' id='word_1_288' title='bbox 301 3739 406 3804; x_wconf 84' lang='lat' dir='ltr'><strong>Melae</strong></span> <span class='ocrx_word' id='word_1_289' title='bbox 420 3740 608 3825; x_wconf 84' lang='lat' dir='ltr'><strong>plerumque</strong></span> <span class='ocrx_word' id='word_1_290' title='bbox 622 3741 795 3814; x_wconf 82' lang='lat' dir='ltr'><strong>censorem,</strong></span> <span class='ocrx_word' id='word_1_291' title='bbox 810 3745 845 3805; x_wconf 89' lang='lat' dir='ltr'><strong>in</strong></span> <span class='ocrx_word' id='word_1_292' title='bbox 859 3741 1003 3804; x_wconf 83' lang='lat' dir='ltr'><strong>cenfione</strong></span> <span class='ocrx_word' id='word_1_293' title='bbox 1018 3743 1052 3802; x_wconf 91' lang='lat' dir='ltr'><strong>in</strong></span> <span class='ocrx_word' id='word_1_294' title='bbox 1066 3755 1176 3804; x_wconf 87' lang='lat' dir='ltr'><strong>aucto·</strong></span> <span class='ocrx_word' id='word_1_295' title='bbox 1227 3814 1232 3821; x_wconf 48' lang='grc'><strong><em>,</em></strong></span> 
     </span>
     <span class='ocr_line' id='line_1_34' title="bbox 137 3840 1177 3927; baseline -0.006 -19"><span class='ocrx_word' id='word_1_296' title='bbox 137 3862 186 3908; x_wconf 82' lang='lat' dir='ltr'><strong>ree</strong></span> <span class='ocrx_word' id='word_1_297' title='bbox 205 3862 241 3927; x_wconf 88' lang='lat' dir='ltr'><strong>p.</strong></span> <span class='ocrx_word' id='word_1_298' title='bbox 259 3848 320 3927; x_wconf 76' lang='lat'><strong>74.</strong></span> <span class='ocrx_word' id='word_1_299' title='bbox 348 3844 405 3925; x_wconf 89' lang='lat' dir='ltr'><strong>qui</strong></span> <span class='ocrx_word' id='word_1_300' title='bbox 426 3841 502 3905; x_wconf 87' lang='lat' dir='ltr'><strong>ideo</strong></span> <span class='ocrx_word' id='word_1_301' title='bbox 525 3845 626 3927; x_wconf 82' lang='lat' dir='ltr'><strong>carpit</strong></span> <span class='ocrx_word' id='word_1_302' title='bbox 642 3845 750 3907; x_wconf 87' lang='lat' dir='ltr'><strong>locum</strong></span> <span class='ocrx_word' id='word_1_303' title='bbox 766 3859 799 3917; x_wconf 82' lang='lat' dir='ltr'><strong>a,</strong></span> <span class='ocrx_word' id='word_1_304' title='bbox 814 3855 849 3924; x_wconf 82' lang='grc'><strong>4.</strong></span> <span class='ocrx_word' id='word_1_305' title='bbox 866 3859 900 3908; x_wconf 82' lang='lat' dir='ltr'><strong>a.</strong></span> <span class='ocrx_word' id='word_1_306' title='bbox 927 3840 1069 3914; x_wconf 76' lang='lat' dir='ltr'><strong>Urbium,</strong></span> <span class='ocrx_word' id='word_1_307' title='bbox 1094 3858 1177 3927; x_wconf 81' lang='lat' dir='ltr'><strong>quoe</strong></span> 
     </span>
     <span class='ocr_line' id='line_1_35' title="bbox 137 3938 1176 4029; baseline -0.001 -22"><span class='ocrx_word' id='word_1_308' title='bbox 137 3942 249 4027; x_wconf 77' lang='lat' dir='ltr'><strong>proceri</strong></span> <span class='ocrx_word' id='word_1_309' title='bbox 262 3964 286 4007; x_wconf 84' lang='lat' dir='ltr'><strong>a</strong></span> <span class='ocrx_word' id='word_1_310' title='bbox 307 3945 391 4006; x_wconf 83' lang='lat' dir='ltr'><strong>mari</strong></span> <span class='ocrx_word' id='word_1_311' title='bbox 408 3943 607 4011; x_wconf 72' lang='lat' dir='ltr'><strong>habitantur.</strong></span> <span class='ocrx_word' id='word_1_312' title='bbox 657 3945 770 4029; x_wconf 73' lang='lat' dir='ltr'><strong>longe</strong></span> <span class='ocrx_word' id='word_1_313' title='bbox 791 3958 901 4009; x_wconf 86' lang='lat' dir='ltr'><strong>autem</strong></span> <span class='ocrx_word' id='word_1_314' title='bbox 920 3958 954 4007; x_wconf 89' lang='lat' dir='ltr'><strong>et</strong></span> <span class='ocrx_word' id='word_1_315' title='bbox 968 3938 1085 4025; x_wconf 56' lang='lat' dir='ltr'><strong>&#39;procul</strong></span> <span class='ocrx_word' id='word_1_316' title='bbox 1103 3962 1176 4027; x_wconf 88' lang='lat' dir='ltr'><strong>pro·</strong></span> 
     </span>
     <span class='ocr_line' id='line_1_36' title="bbox 138 4043 1176 4130; baseline -0.004 -19"><span class='ocrx_word' id='word_1_317' title='bbox 138 4043 256 4111; x_wconf 71' lang='lat' dir='ltr'><strong>mttere</strong></span> <span class='ocrx_word' id='word_1_318' title='bbox 268 4056 443 4129; x_wconf 63' lang='lat' dir='ltr'><strong>ponuntur,</strong></span> <span class='ocrx_word' id='word_1_319' title='bbox 465 4059 503 4109; x_wconf 91' lang='lat' dir='ltr'><strong>ut</strong></span> <span class='ocrx_word' id='word_1_320' title='bbox 519 4046 680 4112; x_wconf 80' lang='lat' dir='ltr'><strong>iraeadem</strong></span> <span class='ocrx_word' id='word_1_321' title='bbox 696 4044 876 4111; x_wconf 85' lang='lat' dir='ltr'><strong>narratione</strong></span> <span class='ocrx_word' id='word_1_322' title='bbox 891 4045 975 4127; x_wconf 84' lang='lat' dir='ltr'><strong>apud</strong></span> <span class='ocrx_word' id='word_1_323' title='bbox 991 4047 1125 4130; x_wconf 85' lang='lat' dir='ltr'><strong>Eutrop.</strong></span> <span class='ocrx_word' id='word_1_324' title='bbox 1140 4063 1176 4125; x_wconf 87' lang='lat'><strong>9,</strong></span> 
     </span>
    </p>
   </div>
   <div class='ocr_carea' id='block_1_7' title="bbox 143 4144 1176 4263">
    <p class='ocr_par' dir='ltr' id='par_1_7' title="bbox 143 4144 1176 4263">
     <span class='ocr_line' id='line_1_37' title="bbox 143 4144 1176 4263; baseline -0.003 -47"><span class='ocrx_word' id='word_1_325' title='bbox 143 4144 294 4263; x_wconf 49' lang='lat'><strong>¹³⁸³&amp;</strong></span> <span class='ocrx_word' id='word_1_326' title='bbox 316 4146 720 4234; x_wconf 62' lang='lat' dir='ltr'><strong>otorantinam</strong></span> <span class='ocrx_word' id='word_1_327' title='bbox 757 4151 848 4215; x_wconf 84' lang='lat' dir='ltr'><strong>Tum</strong></span> <span class='ocrx_word' id='word_1_328' title='bbox 865 4146 1070 4217; x_wconf 79' lang='lat' dir='ltr'><strong>Cirtefioead</strong></span> <span class='ocrx_word' id='word_1_329' title='bbox 1087 4166 1176 4213; x_wconf 86' lang='lat' dir='ltr'><strong>mare</strong></span> 
     </span>
    </p>
   </div>
   <div class='ocr_carea' id='block_1_8' title="bbox 0 0 1323 4716">
    <p class='ocr_par' dir='ltr' id='par_1_8' title="bbox 0 0 1323 4716">
     <span class='ocr_line' id='line_1_38' title="bbox 0 0 1323 4716; baseline 0 0"><span class='ocrx_word' id='word_1_330' title='bbox 0 0 1323 4716; x_wconf 95' lang='lat' dir='ltr'><strong> </strong></span> 
     </span>
    </p>
   </div>
  </div>
 </body>
</html>
