2656 4702
212 336 429 441 titionis.
458 383 569 440 MEL.
611 383 691 473 ¹s¹·
734 381 948 474 c.115§.6.
1056 399 1097 464 9¹

55 553 196 620 dubium
217 554 336 618 reddit.
395 556 504 645 Regio.
526 552 696 644 Ἀσσυρία,
728 569 778 627 et,
811 558 899 638 quod
933 559 1102 623 contendit

53 658 207 720 Bochart.
238 658 273 716 iu
307 657 426 741 Phalog
457 668 492 736 4,
522 676 580 738 ι9.
623 678 664 720 ex
689 654 932 722 Chaldaeorum·
952 660 1101 731 dialecto,

53 760 156 823 etiam
176 753 321 844 'Arupiau
346 755 420 846 [vel
441 748 615 848 'Aesopia]
642 758 736 824 cuius
754 760 845 823 telier
861 762 986 846 adlegat
1000 763 1102 826 Dion.

54 864 119 940 68.
138 861 197 924 26.
225 859 371 923 strabon.
391 862 447 925 16.
463 863 510 924 in.
536 875 569 924 et
589 862 723 925 suidam
741 861 761 926 s.
778 882 812 926 v.
830 861 936 937 Νῖνος.
989 864 1041 934 dt,
1063 876 1102 925 ut

53 964 167 1048 paucis
182 959 346 1046 defungar,
374 961 479 1043 siquis
494 961 558 1046 ipsa
575 963 644 1026 loea
662 963 832 1048 inspexerit
850 966 952 1045 iisque
967 965 1102 1027 conlatis

53 1063 216 1129 addiderit
237 1064 321 1126 Plin.
347 1074 379 1141 5,
403 1066 457 1128 16.
480 1063 503 1127 s.
526 1080 582 1146 13.
615 1079 649 1127 et
674 1062 839 1130 Ammiani
859 1081 918 1146 25.
942 1069 976 1130 6.
1002 1070 1035 1128 id
1061 1067 1103 1128 de
1171 1058 1178 1065 ’

55 1164 241 1236 Adiabene,
271 1163 410 1246 Assyriae
430 1179 533 1247 parte,
565 1168 689 1230 dictum
708 1167 773 1260 xesse
795 1166 980 1252 cognoscet,
1007 1187 1105 1249 quam

55 1267 145 1329 olim*
155 1266 309 1346 Assyriam
326 1267 523 1330 nominatam
540 1266 645 1329 scribit
664 1269 799 1333 Plinius.
852 1270 937 1334 Cum
955 1264 1105 1330 lntiffime

56 1371 197 1451 patuerit
227 1368 422 1448 Assyriorum
453 1369 643 1453 imperium,
673 1372 713 1431 ad
740 1373 841 1432 varias
867 1373 965 1434 etiam
990 1383 1104 1453 gentes

56 1468 168 1551 (sensu
189 1472 298 1548 civili)
320 1471 353 1532 id
374 1491 507 1534 nomen·
520 1472 707 1534 translatum
730 1471 790 1542 osi,
825 1491 927 1554 eoque
947 1472 1104 1534 desiructo

57 1570 255 1635 servatum·
286 1572 339 1632 Sic
361 1570 478 1652 Assyria
501 1575 620 1634 dicitur
641 1573 681 1634 de
706 1571 937 1653 Mesopotamia
959 1570 1104 1655 (Arrian.

58 1673 101 1735 de
118 1674 233 1754 exped.
255 1674 343 1734 Alex.
362 1688 395 1747 7,
413 1690 447 1750 7,
463 1672 497 1755 6,
519 1673 715 1756 adprobante
732 1673 896 1737 Eustathio
910 1675 948 1735 ad
973 1671 1105 1752 Dionys.

57 1792 93 1835 r.
110 1788 196 1850 772.
221 1774 278 1836 etsi
300 1772 425 1862 Συρίαν
448 1796 536 1837 nunc
556 1773 695 1859 legitur)
727 1774 836 1854 Assyrii
853 1777 895 1838 de
911 1775 1106 1853 Babyloniis,

58 1877 149 1956 (vid.
166 1875 314 1938 Perizon.
330 1878 364 1936 in
381 1877 506 1961 Origin.
521 1876 632 1956 Babyl.
653 1897 719 1960 cap.
737 1887 772 1956 4.
788 1897 821 1959 p.
839 1881 920 1956 48.)
943 1878 983 1939 de
1000 1878 1111 1960 Tigris

59 1977 184 2048 accolis,
207 1975 366 2060 (Oppian.
379 1979 519 2040 Halievt.
535 1988 570 2057 4,
587 1989 671 2058 204.
688 1992 822 2040 notante
838 1979 1001 2041 Eustathio
1016 1999 1042 2039 c.
1061 1974 1107 2062 l.)
1176 1972 1185 2017 t

61 2079 105 2139 de
126 2077 369 2160 Cappadocibus
392 2078 412 2142 s.
432 2078 639 2160 Leucosyris,
661 2078 768 2162 (idem
785 2100 812 2141 c.
833 2081 855 2141 l.
881 2079 987 2142 Schoi.
1010 2079 1108 2161 Apol·

59 2177 328 2251 torismundo,
347 2182 432 2258 946.
458 2193 491 2241 et
504 2180 543 2239 ad
559 2177 692 2258 Dionys.
709 2201 742 2239 v.
758 2177 868 2264 975.)
890 2193 923 2240 et
944 2183 977 2240 in
995 2181 1108 2261 primis

62 2283 106 2338 de
121 2281 218 2359 Syris,
243 2281 331 2340 unde
347 2293 380 2340 et
394 2282 522 2361 utrique
543 2281 578 2339 in
593 2279 777 2342 auctoribus
797 2278 883 2361 saepe
905 2279 1109 2341 confundun-

61 2392 127 2440 tur.
169 2379 243 2442 Vid.
258 2380 401 2441 Vorstius
415 2381 454 2441 ad
473 2380 583 2443 lustin.
603 2402 633 2453 ι,
654 2395 689 2445 2.
709 2393 788 2442 extr.
817 2380 932 2443 Cellar.
953 2382 991 2442 ad
1014 2381 1105 2444 Curt.

63 2493 153 2558 5‚'r‚
172 2493 232 2559 35.
257 2494 291 2543 et
309 2479 390 2542 insta
409 2483 448 2542 ad
470 2502 500 2552 s,
527 2502 581 2554 ιι,
603 2500 635 2547 o.
687 2481 782 2543 Plura
804 2482 844 2544 de
860 2501 943 2567 vago
966 2483 1110 2546 nominis

61 2581 120 2644 usu
136 2579 264 2646 Salmas.
278 2584 319 2643 ad
335 2584 438 2646 Solio.
455 2602 482 2646 e.
501 2585 562 2660 56.
584 2582 606 2647 s.
624 2596 684 2664 53.
705 2597 739 2646 et
760 2581 909 2646 Boclrart.
931 2585 965 2644 in
985 2585 1109 2670 Phaleg
1160 2644 1167 2667 „

63 2698 98 2755 2,
120 2698 154 2762 3.
204 2685 297 2746 idem
319 2685 405 2746 valet
428 2685 468 2747 de
491 2703 605 2747 eornm
627 2685 755 2768 opibus,
787 2686 926 2769 regibus,
953 2686 1109 2751 moribus.
1261 2766 1267 2777 1

62 2786 128 2848 Hie
151 2798 260 2847 tamen
280 2805 339 2870 per
369 2804 552 2849 connexum
580 2806 654 2848 eum
677 2787 863 2866 Babyloniis
882 2787 993 2849 artiori
1018 2786 1110 2850 sensu
1173 2863 1177 2871 Ι

64 2889 147 2947 dixit
168 2886 273 2957 Mela,
305 2889 393 2959 etsta
407 2909 482 2950 cum
506 2887 545 2948 sre
560 2889 641 2951 alios
662 2889 798 2970 populos
817 2888 949 2950 deberet
969 2908 1111 2952 comme·

65 3000 208 3059 ru'orare,
234 2989 278 3048 ita
298 2991 415 3053 rectius
430 2987 590 3070 descripsit
609 2990 812 3053 Ptolemaeus
830 2989 863 3059 6,
886 3009 915 3051 ι.
941 3005 978 3051 ut
1001 2990 1110 3051 tetmi·
1144 3038 1146 3049 .

63 3105 160 3153 netur
180 3089 610 3175 Armenia‚=Mesopotamia,
636 3090 748 3154 Media
769 3101 802 3152 et
825 3087 964 3162 Susiana,
991 3091 1050 3152 ubi
1072 3091 1109 3156 h.

62 3190 186 3280 Jijardi
214 3210 270 3254 aa.

142 3393 354 3478 alterum)
400 3394 571 3460 Arabicum
597 3395 785 3482 intelligunt
806 3394 985 3465 vadianus,
1012 3393 1110 3455 Mun·

64 3494 172 3567 derne,
199 3496 374 3580 Oporinos,
398 3498 552 3560 Graevius
568 3497 639 3561 MS.
662 3499 789 3580 aliique,
813 3497 991 3578 quodcum
1009 3515 1110 3559 nexus

66 3596 223 3670 sustineat,
245 3601 410 3682 quomodo
424 3601 532 3661 iocum
548 3599 664 3662 habete
678 3595 783 3682 possit,
808 3599 848 3662 de
861 3617 903 3662 eo
917 3599 985 3664 rid.
1002 3600 1039 3662 in
1053 3599 1112 3662 eri·

65 3698 141 3764 sicia
156 3715 277 3765 notata.
310 3705 360 3765 De
379 3699 567 3784 Babyloniis
585 3703 654 3764 vid.
669 3702 711 3762 ad
724 3721 791 3784 cap.
812 3721 869 3766 ιι.

136 3895 271 3998 saper
296 3902 556 3988 Aethiopas)
605 3903 693 3968 cam
708 3896 811 3997 saper
830 3904 1033 3986 Pomponius
1056 3905 1111 3977 ait,

67 4007 317 4078 diruenlionem,
342 4008 395 4069 vel
411 4005 506 4068 suum
523 4006 709 4070 in·Boream
725 4008 887 4091 intelligit,
909 4020 947 4067 ut
961 4005 982 4063 st
997 4005 1112 4078 diam.

67 4106 161 4201 super
177 4111 284 4178 ltaliae
297 4109 418 4175 radices
430 4109 528 4193 Alpes
547 4109 607 4174 eise
623 4123 655 4174 et
673 4110 890 4175 Germaniam.
921 4108 1010 4174 Situs
1024 4109 1113 4172 eninr
