2634 4716
216 376 281 461 ιιι
367 392 387 421 ··
486 377 650 442 nom
688 374 995 437 uxnonrrcau

215 571 256 620 ut
273 570 307 636 3.
328 567 361 634 a.
378 554 414 622 6.
434 555 477 619 de
493 552 641 632 Erythra.
678 552 743 617 sed
766 551 909 615 similiter
927 552 962 612 id
983 563 1074 635 patet
1093 549 1136 615 de
1153 548 1267 614 beroi-

215 654 281 721 buo
303 661 337 720 in
359 657 445 720 besso
463 656 623 723 Troiano.
649 666 687 715 nt
706 675 737 727 ι,
757 666 813 733 ιθ.
830 665 864 732 5.
885 655 927 717 de
946 653 1052 717 Aiace.
1103 654 1266 717 Similiter

217 760 260 824 de
276 759 437 821 Diomede
454 757 582 819 testatur
596 757 755 819 Antonin.
770 755 876 818 Liber.
892 774 960 839 cap.
978 769 1038 834 37.
1077 754 1195 837 ltaque
1212 774 1265 818 re-

214 860 304 948 giam
325 874 456 945 gentem
476 877 546 919 non
561 859 657 920 aliam
676 858 835 944 intelligit.
864 877 961 940 quam
979 877 1060 939 quae
1078 856 1265 940 pertinebat

214 963 257 1026 ad
271 959 578 1047 consanguinitatem
592 978 707 1044 regum
716 958 902 1023 Numidiae.
928 978 954 1022 1.
971 977 1171 1021 caouortva
1183 958 1264 1024 MS.

215 1061 270 1128 (is.
288 1062 391 1127 Cerda
407 1063 447 1122 ad
465 1062 573 1144 virgil.
590 1059 671 1122 Aen.
686 1062 723 1133 6,
743 1076 829 1127 nan.
850 1060 891 1123 de
910 1061 968 1123 illo
983 1078 1099 1134 more;
1130 1058 1195 1142 ipsa
1212 1059 1265 1124 via

214 1166 308 1228 vocie
329 1162 371 1227 de
386 1162 527 1246 sepulcro
543 1160 615 1223 satie
627 1181 669 1224 ex
681 1161 743 1225 usu
755 1176 792 1226 et
808 1162 935 1227 hxicia
953 1161 1081 1245 proflat.
1132 1162 1267 1225 Peritu-

214 1267 291 1330 niua
306 1263 370 1327 hoc
385 1278 639 1327 monumentum
652 1264 739 1326 inter
750 1264 801 1327 sol
813 1277 848 1326 et
863 1263 1001 1327 Icosium
1016 1266 1122 1346 ponit,
1144 1264 1264 1345 inquo

212 1365 385 1431 intervallo
406 1366 609 1428 Ptolemaeus
630 1363 728 1426 habet
749 1364 896 1448 Tipasam
916 1378 950 1427 et
971 1363 1092 1428 Oviam
1116 1362 1267 1428 [vum.

214 1469 284 1553 Qui
305 1465 345 1528 ad
367 1465 502 1529 insulam
517 1467 659 1529 vicinam
672 1464 833 1537 reserant,
858 1467 900 1528 de
914 1486 952 1528 ea
969 1466 1102 1547 ‘guidem
1122 1467 1265 1529 omnino

213 1582 359 1634 auctore·
377 1566 499 1630 habeut
511 1566 702 1631 Strabonem
721 1582 777 1644 ιγ.
797 1587 832 1650 p.
846 1580 932 1646 571.
951 1565 974 1630 s.
990 1579 1076 1647 851.
1102 1566 1266 1649 etPtole·

109 1730 113 1743 ,
213 1689 344 1733 maeum
359 1680 395 1751 4.
414 1688 447 1732 n.
462 1667 486 1730 s.
538 1671 589 1731 De
611 1670 683 1731 eiua
705 1668 864 1732 hodierno
883 1669 1037 1739 nomine.
1062 1668 1267 1752 cumproxi·

213 1790 270 1836 me
292 1770 356 1830 huc
380 1790 447 1832 uon
469 1769 589 1839 valeat,
615 1767 737 1833 consuli
756 1767 885 1852 possunt
904 1769 1004 1832 Shnw
1022 1770 1064 1831 T.
1089 1788 1123 1833 t.
1145 1788 1182 1853 p.
1200 1780 1266 1849 58.

212 1885 248 1933 et
261 1869 395 1934 Borhek
414 1872 455 1934 cie
469 1869 576 1933 Africa
589 1872 633 1933 Τ.
653 1892 684 1934 ι.
704 1891 738 1955 p.
755 1880 842 1954 549.
878 1870 972 1979 Alia..
989 1889 1070 1955 quae
1082 1869 1139 1935 hie
1150 1870 1269 1956 diupu-

212 1984 340 2046 tantur,
364 1972 499 2038 exhibui
514 1974 550 2036 in
565 1971 654 2039 nou‘e
667 1973 798 2039 cratitio.

288 2170 504 2272 Icosium)
554 2179 612 2244 Gr.
631 2171 784 2250 Ἰκὸσιον,
799 2174 897 2241 uude
911 2169 1098 2269 Icofitanus
1110 2174 1148 2238 in
1162 2176 1267 2245 notit}

212 2276 349 2344 Africae.
400 2281 567 2345 Coloniam
599 2279 676 2345 sacit
707 2279 868 2345 Antonin.
894 2300 928 2363 p.
957 2289 1013 2356 15.
1043 2291 1082 2339 ut
1107 2277 1264 2346 Martiam.

212 2378 293 2464 Cap.
311 2384 346 2445 6.
368 2402 402 2464 p.
426 2383 509 2446 216.
550 2382 679 2445 Plinius
698 2393 734 2460 5,
757 2398 792 2444 t.
812 2377 836 2445 s.
860 2396 895 2445 2.
946 2379 1041 2442 Latio
1062 2379 1222 2443 donatum
1242 2399 1265 2445 a

213 2482 398 2564 Vespasiano
421 2482 542 2553 scribit.
567 2483 698 2546 Sosinua
715 2501 745 2546 c.
763 2495 821 2559 ιθ.
844 2479 866 2544 s.
883 2494 943 2559 25.
966 2498 1060 2544 auo.
1082 2481 1262 2545 comitibus

212 2581 372 2654 Hermnlie,
394 2585 448 2664 qui
464 2582 671 2653 desciverant.
692 2600 815 2642 nomen
831 2583 967 2652 derivat.
981 2582 1127 2667 neglecta
1138 2582 1263 2648 Graeca

211 2679 365 2764 scriptura
379 2696 411 2745 et
429 2683 492 2743 fine
507 2684 626 2745 idonea
640 2683 841 2745 auctoritate.
868 2684 920 2745 De
934 2682 1094 2748 hodierno
1109 2685 1260 2757 nomine,

212 2784 293 2845 olim
307 2784 341 2843 iu
358 2784 482 2865 primia.
507 2780 648 2845 diversae
660 2781 847 2844 exstiterunt
863 2780 1047 2856 sententiae.
1071 2785 1122 2845 oti
1137 2787 1261 2851 docent

212 2882 356 2949 ortelius
385 2898 419 2944 et
446 2884 615 2946 Ferrariua.
664 2881 842 2945 D’Anville
864 2883 903 2944 im
924 2884 1043 2971 Geogr.
1069 2905 1142 2951 auc.
1161 2888 1206 2950 T.
1223 2900 1258 2968 3.

211 3004 246 3071 p.
264 3002 326 3065 99.
347 2985 453 3046 Sicer-
466 2982 553 3046 Sheis
573 2982 693 3055 credit,
727 3002 826 3065 quem
846 2982 987 3046 refutant
1007 2986 1120 3066 Belley
1139 3008 1175 3072 p.
1193 3005 1256 3070 92.

211 3104 241 3149 c.
257 3085 279 3149 l.
306 3099 340 3148 et
353 3087 449 3149 Shaw
464 3086 507 3149 T.
526 3105 556 3148 ι.
565 3088 604 3169 p.
621 3097 681 3164 89.
708 3085 763 3164 qui
780 3083 874 3147 docet
887 3106 926 3147 ex
940 3088 1000 3149 situ
1014 3089 1155 3151 maxime
1171 3086 1259 3174 apud

211 3187 437 3253 Ptolemaeum
452 3196 487 3265 4,
504 3200 539 3250 u.
559 3184 621 3249 effe
643 3184 676 3247 h.
691 3185 795 3266 Alget,
816 3185 931 3250 incolit
943 3187 1180 3264 Aule-Zeira.
1201 3190 1259 3254 cui

211 3286 422 3373 suffragantur
445 3289 564 3350 liitter.
581 3284 621 3349 ad
643 3284 782 3347 Guthrie
802 3314 853 3330 —
868 3288 982 3353 Gesch.
1003 3290 1074 3353 Vol.
1096 3309 1128 3353 2.
1145 3313 1180 3376 p.
1200 3306 1257 3369 17.

209 3388 323 3457 Poiret
336 3408 364 3452 c.
379 3387 402 3450 l.
424 3401 459 3452 et
474 3387 539 3450 alii.
577 3384 707 3469 Nempe
722 3386 868 3449 Saraceni
885 3408 998 3452 omnee
1013 3411 1146 3476 magma
1159 3393 1259 3457 urbe·

212 3490 450 3560 destruxerunt,
476 3486 593 3571 etpost
607 3504 718 3569 parvae
732 3488 769 3549 iu
781 3507 891 3551 earum
903 3491 1012 3553 locum
1026 3494 1256 3561 condiderunt.

287 3679 498 3781 Ruthisiu
505 3687 524 3771 )
559 3685 691 3750 Nomen
707 3685 864 3774 suspectae
884 3692 961 3754 fidei
976 3690 1100 3757 faciunt
1118 3699 1259 3764 aliorum

213 3796 410 3865 narratiouea
424 3790 500 3853 alibi
522 3787 672 3871 prolatae.
708 3790 748 3851 lu
762 3790 856 3852 fluet
874 3792 950 3855 latet
965 3793 1030 3859 sine
1044 3797 1147 3863 dubio
1164 3800 1258 3865 ufita.

214 3901 282 3965 tiua
303 3897 393 3964 Iius.
425 3909 466 3954 ex
487 3890 598 3973 lingua
626 3888 745 3951 Punica
770 3892 825 3952 ves
850 3893 1003 3957 Hebraico
1028 3900 1184 3975 ductum,
1216 3914 1257 3966 ut

216 4002 254 4065 fit
278 4008 374 4082 caput
397 3991 420 4058 s.
441 3990 721 4076 promuntorium,
751 3989 850 4055 hodie
873 3994 1029 4061 trabium
1049 4000 1137 4065 Rus.
1178 4004 1256 4069 vid,

214 4101 365 4192 Bocbart.
386 4096 424 4163 iu
444 4091 596 4164 Cium
615 4105 648 4165 ι,
671 4101 732 4175 35.
779 4092 832 4160 De
852 4091 917 4181 ipsa
940 4096 1021 4163 urbe
1040 4102 1178 4190 uimque
1197 4122 1258 4170 uo·

696 4342 820 4416 A
