2634 4716
245 449 298 509 ru
327 446 465 507 rour.
488 444 603 507 rrae
634 446 681 508 a..
701 451 724 505 r.
767 446 800 507 c.
823 448 887 511 vn.
929 448 1006 524 tr.
1027 460 1058 521 5.
1103 460 1179 532 ⁴⁰9

133 622 178 689 hc
200 622 345 706 loquitur
368 622 485 684 Liviae
506 641 560 693 ro,
579 636 612 683 2.
632 616 669 685 l.
693 641 717 685 r.
741 640 937 686 ceouovrve
956 624 1032 687 MS.
1057 642 1086 686 r.
1131 622 1182 686 lbi

134 724 281 789 lolemne
323 737 483 785 certamen
523 725 656 785 navium
694 724 727 783 iu
769 742 1019 787 monumentum
1059 726 1184 789 navalis

133 846 264 913 pugnae
294 837 575 887 commemoratur.
633 825 696 885 Hic
729 823 852 885 ludicra
881 824 1020 888 absolute
1046 828 1182 909 ponitur

132 942 302 1011 tamquam
324 925 568 997 substantivum,
595 944 670 985 cnm
691 924 766 989 aliae
786 925 918 989 addatur
938 927 1118 1012 genitivus,
1131 940 1182 999 -trt

132 1028 260 1093 hrdiero
279 1029 462 1088 certaminis
482 1028 566 1109 apud
582 1026 692 1088 Vellei.
712 1046 743 1096 a,
766 1040 845 1105 123,
866 1047 897 1093 r.
925 1049 1116 1111 quamquam
1133 1030 1182 1091 ihi

134 1150 214 1195 cum
236 1128 472 1212 Oudendorpio
495 1129 534 1189 ad
552 1129 698 1190 Suetonii
715 1130 796 1212 Aug.
812 1149 881 1210 cap.
896 1142 958 1209 98.
996 1129 1178 1196 Ruhnken.

131 1232 226 1297 malit
247 1232 425 1293 certamini.
460 1229 564 1312 Quale
580 1241 689 1291 autem
711 1229 773 1289 hoc
789 1246 949 1292 certamen
964 1228 1070 1301 luerit.
1090 1231 1183 1295 dilci·

132 1346 192 1397 ttrr
205 1352 246 1396 ex
262 1331 433 1393 Herodoto
450 1342 484 1412 4,
506 1343 587 1409 ¹8⁰·
619 1329 746 1412 Nempe
764 1332 903 1414 virginer
916 1335 1087 1413 quotannie
1104 1330 1183 1397 bifa-

131 1438 217 1499 riam
241 1430 359 1493 divilae
381 1433 416 1493 in
438 1430 597 1493 honorem
619 1433 706 1493 Deae
727 1430 887 1511 lapidibus
907 1418 1102 1514 fullihueque
1125 1435 1181 1499 de·

133 1534 384 1621 praeliabantur.
424 1532 576 1596 Cetemm
595 1534 706 1594 eadere
723 1552 763 1593 ex
778 1533 884 1597 nolito
900 1532 1181 1601 refrenarentur

131 1640 177 1703 de
190 1635 363 1723 paludibue
379 1632 401 1698 l.
419 1655 453 1697 r.
476 1634 626 1698 Tritonis.

103 1848 112 1859 “
210 1836 543 1920 decertantium)
594 1837 753 1901 Eitenim
777 1836 1010 1903 etirm'lrelliee
1029 1841 1115 1912 Dea.
1141 1852 1181 1903 ut

130 1955 224 2028 patet
237 1926 277 2004 e'x
292 1926 425 2003 Hesiodi
437 1939 565 2023 Theog.
580 1961 614 2002 v.
632 1942 716 2019 926.
741 1942 826 2002 unde
844 1941 1060 2013 Domitianrte.
1084 1943 1179 2007 valde

125 2044 283 2108 ¹addictur
294 2042 398 2103 cultui
410 2040 588 2110 Minervae,
604 2040 637 2100 id
648 2039 751 2123 ipsum
765 2040 804 2100 lic
818 2042 960 2105 inritatur
974 2042 1026 2105 eli.
1054 2064 1078 2106 1.
1096 2062 1179 2106 orto·

137 2163 268 2209 rovrve
285 2143 364 2205 MS.
416 2142 467 2204 De
490 2142 679 2203 Domitiano
699 2138 740 2202 el.
764 2141 897 2204 Suetou.
920 2162 986 2224 cap.
1005 2132 1041 2223 4.
1060 2157 1093 2207 et
1121 2156 1178 2223 15.

132 2246 226 2311 Hinc
248 2262 327 2307 vero
346 2242 487 2326 epitheta
509 2240 673 2323 belligera,
690 2232 815 2333 serata,
838 2262 974 2325 pugnax
1001 2257 1034 2306 et
1054 2244 1178 2319 ilmilie,

131 2362 260 2435 praeter
274 2347 459 2429 adparatum
473 2342 639 2406 bellicum.

302 2550 334 2629 §.
360 2559 395 2627 5.
450 2545 578 2629 Oea)
626 2545 831 2610 Ptolemaetra
845 2554 879 2629 4,
904 2554 937 2627 3.
959 2568 1058 2632 prave
1077 2544 1178 2625 Ἐῶα,

133 2653 180 2717 rle
199 2668 265 2735 quo
285 2650 351 2711 lam
371 2655 498 2723 monuit
513 2647 690 2713 Calrulton.
709 2650 747 2711 erl
764 2649 922 2731 Spartiaui
942 2651 1050 2713 Seuer.
1071 2672 1098 2715 c.
1120 2662 1178 2730 ¹8·

133 2754 299 2820 Antonini
327 2752 432 2816 itiner.
455 2772 488 2833 p.
513 2753 571 2815 62.
604 2769 643 2812 ex
665 2752 802 2813 lectione
828 2751 970 2814 virorum
995 2754 1178 2824 doctorum,

134 2856 196 2939 qui
219 2852 340 2927 consuli
362 2852 506 2935 pellunt,
534 2850 635 2922 Ocea,
666 2867 703 2911 ut
725 2854 758 2912 in
781 2851 900 2936 Geogr.
924 2854 1070 2916 Ravenn.
1088 2867 1120 2931 5,
1143 2866 1179 2931 5.

125 2958 184 3023 ,Δι
201 2956 237 3018 in
257 2955 321 3018 tab.
336 2954 486 3037 Peuting.
504 2954 559 3017 Vl.
581 2953 698 3037 legitur
715 2945 784 3044 Osa
800 2952 934 3025 colonia,
959 2955 1010 3016 uti
1030 2957 1063 3015 in
1080 2958 1179 3019 Anto·

134 3059 221 3123 nino
242 3056 373 3138 quidam
398 3054 522 3118 radicet
544 3052 692 3115 adferunt
715 3052 818 3124 Ocea,
846 3067 880 3115 et
900 3054 1065 3136 hugullin.
1088 3056 1176 3137 epill.

139 3170 229 3239 138.
249 3147 384 3248 Oeenses
399 3156 490 3227 dixit,
517 3154 567 3217 led
586 3157 626 3215 de
643 3142 811 3237 scripturae
827 3156 977 3215 varietate
994 3157 1117 3217 dictum
1134 3158 1179 3219 est

134 3264 175 3323 in
190 3261 277 3321 notit
295 3259 419 3320 criticis.
462 3256 529 3319 Oea
544 3269 577 3318 et
593 3248 727 3347 Oeenses
745 3250 855 3339 pallrm
871 3259 904 3316 in
920 3256 1058 3335 Apuleio
1072 3276 1179 3319 occur·

135 3373 233 3433 runt;
266 3360 382 3441 qnippe
401 3359 434 3419 in
455 3378 491 3420 ea
511 3358 589 3419 urbe
610 3359 678 3419 eina
698 3377 780 3418 uxor
802 3370 873 3417 nata
891 3369 974 3425 erat,
1001 3378 1095 3437 quam
1115 3378 1180 3421 ma·

136 3463 218 3549 gicie
231 3460 351 3523 artibue
365 3454 403 3521 ad
418 3478 559 3520 amorem
581 3456 737 3540 pellexille
751 3455 959 3519 rccrrlalntur.
992 3453 1054 3545 Οἴη
1070 3473 1179 3522 autent

135 3584 179 3627 ex
209 3558 405 3627 Callimacho
435 3561 520 3643 apud
550 3560 750 3642 Stephanum
775 3557 795 3619 l.
819 3580 851 3621 v.
885 3550 1051 3633 'radiare
1085 3564 1178 3633 male,

137 3665 239 3727 dubie
259 3677 360 3733 certe.
389 3662 453 3722 huc
476 3660 703 3721 transtulerunt
718 3660 872 3722 Graeviua
889 3660 960 3722 MS.
1002 3661 1179 3726 Bochartue

136 3786 169 3829 c.
184 3766 207 3829 l.
233 3765 390 3845 Lloydiua
404 3778 437 3824 et
454 3765 478 3825 l.
496 3760 699 3831 Gronovine,
720 3762 760 3823 tle
776 3780 840 3844 qno
856 3761 924 3824 vid.
940 3760 1122 3846 Welleling.
1138 3765 1178 3824 ad

137 3866 300 3931 Ahtouin.
317 3885 345 3927 c.
360 3864 383 3926 l.
410 3864 481 3945 quia
495 3864 570 3923 lrtue
591 3865 727 3923 minime
746 3864 911 3924 convenit.
964 3864 1063 3945 Quod
1078 3864 1180 3925 Pelle·

135 3971 229 4033 rinue
253 3964 343 4055 (vid.
361 3967 394 4026 irr
410 3968 495 4026 notia
510 3965 579 4027 erit.
595 3966 633 4026 ad
650 3964 683 4026 h.
699 3963 743 4047 l.)
768 3983 806 4024 ex
823 3983 925 4026 numo
942 3967 1072 4045 antiquo
1091 3964 1180 4026 Orea

136 4081 259 4141 tuetur,
284 4068 468 4150 nuperrime
484 4071 611 4129 monuit
630 4066 736 4125 Millin
758 4067 792 4125 in
813 4083 1007 4127 mouumene
1031 4067 1179 4146 antiquet

132 4173 258 4237 inedita
272 4170 315 4233 T.
335 4188 367 4237 t.
387 4190 420 4253 p.
439 4183 499 4247 27.
521 4166 590 4253 iplo
606 4165 753 4253 adspectu
770 4166 919 4241 edoctus.
943 4165 1036 4231 illum
1058 4186 1175 4235 numu·
