2634 4716
274 366 330 428 IN
357 367 497 429 POMP.
525 370 633 431 MBL·
675 372 757 431 1001·
801 372 927 443 (Nil,
961 370 1040 442 Μ.
1118 369 1178 437 tsst

126 557 169 607 et
187 542 233 609 lle
253 562 273 607 a
296 528 511 607 fimilitndiue
532 540 666 620 ἀσπίδος
681 544 722 606 de
743 540 937 629 cognomini
954 548 1038 608 colle
1056 543 1175 607 Strabo
1206 604 1209 609 .

135 660 197 723 ιτ.
214 666 248 730 p.
262 656 348 724 573.
365 642 385 707 s.
401 656 487 725 834
525 647 613 711 Natu
631 644 687 711 hic
708 651 828 710 collem
849 644 961 732 ponit,
987 643 1177 709 habitatum
1201 634 1213 669 ’Χ

127 762 264 819 umora,
287 746 405 809 urbem
420 748 520 811 habet
535 748 577 811 ad
594 745 717 828 Syrtim
730 747 911 821 maiorem,
942 744 1049 833 qualis
1072 762 1105 807 et
1124 741 1173 806 ibi

126 845 212 923 suit,
231 847 309 911 telle
321 850 512 913 Ptolemaeo
529 858 566 930 4,
585 865 618 927 3.
641 849 781 913 anostra
797 849 999 934 discrepans.
1030 850 1072 912 At
1086 848 1174 908 male

129 952 176 1015 ab
201 949 320 1012 eodem
342 944 452 1025 ’Δσπὶς
472 966 506 1013 et
526 946 670 1017 Klurs'a
698 966 868 1037 tamquam
896 948 1043 1012 ‹liversae
1072 948 1174 1011 urbes

129 1052 368 1123 secernuntur,
395 1052 486 1137 quod
507 1066 540 1114 et
557 1050 595 1113 in
611 1049 687 1115 aliis
705 1051 829 1117 facturn
847 1068 966 1118 notant
982 1050 1113 1116 Salmas.
1131 1049 1175 1112 ad

131 1148 242 1225 salin.
257 1174 290 1239 p.
305 1172 349 1214 m.
368 1169 451 1229 227.
473 1169 508 1216 et
522 1156 676 1219 Bochart.
695 1151 733 1220 iu
747 1156 906 1218 Chartam
927 1179 957 1228 ι,
977 1164 1038 1234 44.
1054 1152 1076 1216 s.
1118 1153 1174 1215 Se·
1296 1134 1305 1155 “

131 1252 300 1319 catus-est
318 1255 448 1316 Merula
474 1254 516 1315 ad
535 1253 684 1319 Ennium
705 1259 820 1323 Anrtal.
844 1272 877 1334 7.
900 1278 932 1340 p.
956 1267 1042 1337 424.
1074 1273 1176 1338 quem

133 1371 280 1440 carpunt
300 1356 363 1417 hac
387 1355 429 1416 de
450 1354 545 1417 causa
566 1355 779 1443 Dausqueiue
801 1372 835 1420 et
861 1360 1030 1425 Drakenb.
1051 1356 1093 1419 ad
1114 1352 1174 1417 Sil.

132 1460 210 1521 Ital.
232 1476 261 1520 c.
283 1458 305 1522 1.
358 1453 503 1521 Gentilia
529 1459 674 1532 Graeca,
708 1476 748 1521 ut
774 1455 970 1547 ’Amudarsa
1006 1455 1175 1533 'dualitas

134 1548 304 1634 ’Δσπιδεύς
334 1557 435 1621 habet
472 1558 675 1642 Stephanum
719 1556 893 1626 Κλυπιεων
923 1562 1103 1647 Νεωκορων
1135 1579 1176 1622 ex

134 1662 262 1726 Galbae
279 1679 383 1727 numo
399 1673 494 1721 notat
507 1658 660 1725 Goltzius
677 1658 714 1727 it'r
730 1662 809 1724 thes.
825 1684 857 1745 p.
869 1679 889 1725 2
899 1674 952 1739 ¹8·
987 1652 1176 1751 Glipierasem

133 1759 330 1849 episcopum
345 1775 531 1851 memorarat
550 1760 689 1827 notitiae
704 1760 945 1829 ecclefiastr‘cse.
975 1759 1176 1827 conditores

135 1861 218 1929 sacit
242 1860 373 1926 Siculos
395 1860 500 1925 Solia.
517 1883 545 1924 e.
566 1865 587 1927 Ι.
617 1867 737 1929 collem
759 1863 855 1928 illum
878 1861 999 1930 incolis
1023 1864 1176 1948 frequen·

136 1966 214 2035 tasse
247 1965 480 2048 Agathoclem,
514 1962 704 2057 siculorum
738 1982 914 2042 tyrannum
941 1986 982 2028 eo
1015 1981 1177 2049 tempore,
1215 1986 1221 2005 ·

138 2086 205 2157 quo
224 2066 355 2131 classem
366 2062 403 2127 in
415 2063 698 2148 Carthaginienses
714 2064 856 2140 duxerit,
875 2067 1100 2130 resertStrabo
1115 2066 1177 2131 ol.

137 2170 232 2235 Idem
246 2164 343 2253 ponit
358 2166 428 2249 poll
440 2164 601 2229 Mercurii
617 2166 882 2251 promontorium
899 2184 932 2231 et
948 2166 1125 2252 Neapolim
1140 2165 1178 2231 itt

138 2266 373 2357 promontorio
395 2263 598 2351 sl'apbitide;
630 2266 759 2330 Plinius
786 2284 819 2331 et
839 2266 1023 2331 Martianus
1044 2269 1179 2351 Capella

141 2371 177 2435 in
199 2365 432 2459 promontorio
458 2366 637 2441 Mercurii,
668 2370 759 2454 quod
783 2367 919 2431 ridetur
947 2369 1008 2431 elle
1034 2368 1181 2450 Ταφῖτις

142 2468 231 2562 dapar
251 2467 442 2543 Strabonis,
467 2485 505 2532 ut
526 2490 566 2532 ex
589 2467 802 2554 navigatione
822 2473 1083 2535 Romanorumn
1103 2491 1179 2553 pro·

141 2568 311 2641 montorio
331 2568 492 2636 Mercurii
514 2572 557 2635 ad
579 2573 741 2655 Clupeam
763 2569 961 2655 intelligitur
982 2573 1069 2657 apud
1084 2574 1180 2653 Poly·

142 2674 239 2739 bium
268 2697 299 2745 r,
325 2691 383 2756 29.
438 2672 489 2737 Cf.
517 2669 616 2737 etiarn
643 2676 762 2739 cellar.
789 2672 825 2739 in
853 2676 972 2757 Geogr.
996 2688 1032 2754 4,
1057 2686 1092 2754 4.
1115 2685 1178 2753 47.

144 2780 353 2843 Ptolemaeus
368 2776 459 2837 hunc
475 2771 628 2837 ordinem
645 2791 752 2838 tenet:
784 2758 912 2858 Clypia,
927 2779 1179 2858 promontorium

144 2880 316 2950 Mercurii,
348 2869 445 2970 Aspis
466 2905 514 2920 -
538 2877 705 2957 Neapolis.
744 2879 833 2948 Turn
853 2878 970 2941 strabo
991 2874 1181 2961 praeposuit

144 2976 339 3069 Neapolim,
369 2999 469 3064 quam
490 2993 602 3041 tamen
626 2977 845 3061 postponunt,
879 2980 901 3038 st
925 2976 1086 3041 diversam
1105 2997 1181 3064 pro·

146 3083 341 3171 gressionem
355 3099 544 3165 compares,
568 3077 756 3142 Antoninus
776 3095 810 3143 et
824 3080 1038 3161 Geograpltus
1054 3082 1182 3143 traven-

146 3204 223 3277 ηερ,
256 3182 418 3268 probante
446 3176 669 3263 navigationis
700 3180 796 3244 cursu
821 3180 910 3263 apud
938 3178 1087 3242 Hirtium
1107 3200 1136 3243 c.
1158 3181 1181 3243 l.

147 3278 295 3355 omniuo
311 3299 422 3347 autent
437 3280 543 3345 noster
565 3278 750 3365 promiscue
767 3279 884 3343 ordine
901 3283 998 3343 urbes
1021 3277 1183 3364 adposuit,

149 3387 241 3475 quod
260 3381 436 3469 inprimis
459 3382 557 3445 docet
580 3382 821 3445 Hadrumetum
841 3379 971 3467 aliaque
993 3384 1066 3446 loca
1084 3380 1119 3444 in
1139 3398 1188 3445 ta·.

149 3491 228 3555 bula
249 3481 444 3569 Petttiugeri
468 3499 592 3548 notata.
631 3482 780 3545 liberam
802 3484 954 3565 oppidum
977 3499 1075 3547 vocat
1097 3481 1187 3547 Ptin.

152 3602 185 3673 5,
201 3606 236 3667 3.
253 3588 277 3661 l,
292 3598 327 3667 4.
372 3583 526 3672 Plerique
547 3583 649 3649 hodie
669 3599 786 3667 putant
806 3586 868 3647 ell'e
883 3577 1055 3679 Zasarau3
1081 3588 1186 3649 Shaw

151 3710 180 3757 a.
193 3694 216 3755 l.
244 3688 380 3773 Clybea,
403 3685 462 3750 ubi
480 3684 651 3770 congeries
672 3688 708 3748 stt
723 3686 870 3751 casarum
886 3683 1025 3759 vilium,
1056 3684 1185 3772 antiqui

154 3789 298 3857 aedilicii
315 3792 405 3857 nulla
427 3789 607 3873 adpareaut
622 3784 770 3872 ¹uestigia.

192 3952 201 3961 -
228 3990 521 4077 Macomades)
571 3987 628 4055 Sic
646 3987 808 4077 plerique
840 3990 1007 4075 adpellant
1037 3986 1073 4051 in
1098 3984 1218 4052 notis·

156 4092 280 4173 criticis
304 4090 492 4159 memorati.
542 4090 633 4159 llius
663 4091 701 4157 in
732 4090 895 4189 episcopia
919 4086 1191 4186 Maaamadr'errsrs
