2634 4716
263 394 316 453 ru
343 376 482 463 nourr.
512 395 620 459 uer.
663 397 744 455 nr.
788 397 924 459 eruc
965 398 993 469 a.
1019 417 1047 456 ι.
1122 412 1187 477 19,

497 587 527 653 C
554 590 580 655 Δ
607 593 647 656 P.
700 591 810 657 v111.

227 732 937 841 xeruanimi.

231 944 264 1024 ς.
294 963 326 1009 ι.
377 945 400 1006 1
413 943 536 1026 nde)
583 940 752 1008 Praecellrt
784 952 922 1009 narratio
948 947 990 1010 de
1015 944 1180 1007 Philaeuie

131 1042 293 1127 hatribue.
320 1030 426 1130 itaque
444 1045 572 1107 uidetur
587 1048 626 1109 ab
641 1064 755 1110 eorum
775 1051 835 1111 aria
851 1049 1045 1130 Cyrenaicae
1063 1046 1181 1129 princi·

130 1150 222 1235 pium
244 1146 388 1211 [latuere.
431 1147 495 1210 Sed
512 1169 591 1210 vero
606 1151 668 1212 iam
685 1148 826 1233 luperiue
841 1151 1009 1233 Phycunta
1025 1167 1181 1232 proruun-

130 1246 252 1313 t'orium
273 1246 450 1319 receniuit,
488 1262 652 1331 tunquam
675 1251 698 1313 li
721 1232 886 1334 eousque
912 1252 1017 1315 Africa
1048 1250 1180 1332 proprie

130 1350 216 1415 dicta
238 1352 476 1416 extenderetur.
531 1354 575 1415 Et
599 1352 670 1415 iane
693 1353 917 1417 Artemidorus
938 1354 1021 1436 apud
1051 1350 1180 1429 Strabo·¹

130 1472 209 1523 nent
233 1452 285 1533 [3.
304 1472 336 1533 p.
357 1449 468 1530 rossl.
486 1455 583 1533 152]
605 1474 679 1531 curn
693 1454 798 1517 nolito
817 1455 882 1519 huc
896 1474 995 1537 usque
1014 1453 1181 1536 Lotopha-

130 1572 189 1643 gon
205 1552 354 1617 habitalle
370 1553 511 1616 tradidit.
550 1555 613 1618 Sed
630 1569 663 1616 et
677 1556 807 1619 solinus
825 1550 873 1643 [c.
890 1569 948 1635 30.
960 1554 981 1617 l.
992 1547 1073 1639 27.]
1093 1554 1182 1634 Phy-

130 1668 231 1719 cunta
261 1651 382 1717 Africae
408 1652 545 1717 tribuit.
583 1650 753 1719 Salmasius
774 1669 885 1721 tamen
909 1657 973 1718 hoc
996 1657 1070 1718 loco
1102 1673 1181 1716 euru

129 1756 246 1843 nugari
263 1756 390 1839 inquit;
415 1754 466 1817 led
488 1769 581 1819 errat.
635 1756 803 1843 Quidquid
818 1759 909 1820 euim
924 1759 1008 1820 iuter
1028 1755 1182 1819 Maurita-

130 1859 222 1923 niam
242 1871 275 1923 et
297 1856 506 1938 cyrenaicam
529 1859 624 1929 iacet,
658 1859 690 1919 id
708 1855 831 1921 Africae
851 1862 980 1942 proprie
1003 1858 1107 1921 dictae
1127 1857 1181 1920 tri·

131 1959 260 2041 buitur.
313 1960 380 2022 lam
397 1979 479 2021 vero
492 1956 684 2039 Cyrenaicae
702 1978 770 2023 nou
790 1963 922 2023 eoadem
937 1959 1057 2022 faciunt
1073 1959 1183 2022 termi-

131 2080 197 2127 noa
213 2073 348 2122 veterae.
379 2061 445 2123 dlii
459 2060 548 2123 enim
562 2060 756 2142 Cyrenaicae
773 2062 905 2124 initium
919 2060 1051 2124 sumunt
1066 2061 1106 2123 ab
1121 2061 1185 2129 arie

131 2162 376 2233 Philaenorum,
397 2155 457 2249 [ut
475 2158 583 2251 Mela]
615 2163 668 2224 alii
689 2183 706 2223 a
727 2162 840 2251 upum
865 2163 1092 2245 promuntorio
1115 2162 1184 2225 sive

132 2264 263 2336 Boreo¹
294 2264 342 2325 uti
368 2262 510 2333 Plinius.
541 2258 597 2349 [5.
622 2259 677 2351 4.]
709 2265 839 2349 quidam
868 2264 907 2325 ab
941 2262 1183 2345 Hesperidibue,

133 2360 271 2455 [Scylax
284 2385 316 2447 p.
325 2374 387 2445 44..
404 2360 507 2429 Hudl.
530 2366 649 2451 quippe
663 2369 719 2448 qui
734 2365 788 2427 iub
800 2364 986 2427 Marmarica
1000 2364 1184 2447 complecti·

133 2460 212 2557 tur]
235 2468 334 2551 aliqui
348 2465 447 2528 eriam
462 2485 479 2528 a
495 2465 676 2545 Phycunte.
700 2462 775 2553 [Ci.
791 2467 830 2529 ad
846 2487 912 2549 cap.
932 2482 964 2543 7,
982 2459 1037 2551 6.]
1072 2467 1187 2549 ltaque

132 2589 177 2635 ex
197 2588 312 2631 eurum
334 2565 487 2630 sententia
516 2588 587 2629 arae
608 2569 839 2630 Philaenorum
868 2586 936 2631 uon
958 2566 1030 2629 lunt
1053 2564 1184 2645 termini

133 2656 263 2736 Africae
292 2669 419 2757 proprie
445 2668 564 2740 dictae.
607 2668 658 2731 led
691 2669 826 2732 ditionis
859 2666 1185 2754 Carthaginiensium.

135 2762 310 2859 Quidquid
325 2789 403 2831 vero
419 2766 569 2832 Afrorum
585 2770 667 2833 ultra
687 2770 759 2834 iliae
777 2771 899 2833 habitat
917 2789 1000 2841 arae.
1026 2771 1059 2832 id
1078 2767 1186 2853 ipiurn

134 2892 266 2965 quoque
284 2868 406 2937 africae
426 2872 556 2955 proprie
577 2871 679 2934 dictae
702 2872 865 2935 tribuitur.
917 2869 986 2934 hiri
1009 2890 1088 2935 vero
1112 2868 1184 2934 lunt

135 2974 346 3063 Lotophagi,
371 2972 426 3055 qui
441 2988 542 3057 usque
553 2974 593 3037 ad
608 2973 811 3054 Phycuntem
826 2974 1025 3058 pertingunt.
1062 2973 1186 3055 Quem·

134 3078 316 3153 admodum
339 3091 417 3159 ergo
438 3068 567 3139 Graecia
587 3090 737 3146 vocatur.
763 3073 948 3155 ubicunque
963 3073 1076 3135 Graeci
1096 3072 1186 3135 habi-

135 3171 227 3265 rint,
257 3179 301 3241 ita
323 3194 452 3261 quoque
475 3171 597 3245 Africa.
631 3195 820 3261 quacunque
852 3173 925 3239 lunt
948 3172 1027 3238 Afri.
1080 3171 1186 3243 Africa

136 3280 251 3359 aurem
274 3278 327 3342 vel
352 3277 453 3361 Libya
481 3277 592 3340 multia
621 3277 727 3339 modia
749 3278 916 3359 accipitur.
949 3275 1051 3338 tribua
1075 3289 1187 3345 tamen

136 3378 360 3471 potiffimuru3
400 3376 432 3463 ι)
454 3378 494 3455 de
517 3368 604 3462 parre
624 3378 755 3440 habitati
780 3379 861 3467 olim
886 3378 992 3451 orbita
1029 3374 1066 3459 a)
1088 3396 1187 3461 augu-

137 3480 269 3565 stimme
287 3484 328 3545 de
344 3478 656 3567 Carthaginieulium
673 3480 815 3554 ditione;
853 3478 889 3562 3)
911 3481 951 3543 de
973 3493 1063 3559 terra,
1089 3497 1186 3560 quarn

101 3584 113 3591 ⁵
141 3564 216 3653 A'lrt
237 3572 362 3648 tenent.
393 3602 536 3671 voratae.
587 3582 708 3644 Tabula
723 3583 910 3666 Peutiug'er.
927 3562 998 3663 vll.
1022 3582 1189 3661 utriunque

139 3666 288 3777 regiouii
310 3688 465 3750 terminos
481 3682 709 3749 Philaenorum
733 3704 797 3746 arae
815 3682 936 3746 disertis
957 3682 1072 3767 verbis·
1084 3684 1188 3764 pouit,

139 3808 223 3877 quas
245 3802 351 3871 tamen
374 3788 460 3871 Syrti
486 3788 605 3849 minori
629 3776 783 3848 admovet
804 3784 911 3848 ver-lus
938 3785 1110 3873 maiorem,
1144 3785 1190 3873 ita
1299 3772 1304 3783 “

141 3906 184 3957 ut
206 3894 290 3955 hanc
311 3888 505 3971 Cyrenaicae
529 3885 693 3952 adscribat.
754 3886 824 3950 Nec
844 3888 1024 3971 discrepant
1043 3898 1190 3949 tamena

123 3982 254 4075 ‚tabula
277 3992 433 4056 Antonini
457 3990 620 4075 uiuenp.
646 3991 706 4067 65.
732 4004 766 4052 et
790 3988 910 4075 Geogr.
931 3989 1078 4077 Raueuu.
1096 3998 1128 4066 5,
1151 3995 1189 4065 4.

142 4096 169 4161 ii
190 4093 359 4167 derbucio
388 4090 561 4163 subiectam
585 4090 741 4180 respiciat.
790 4093 841 4183 ¹lu
863 4089 1012 4159 Philaeni
1031 4088 1092 4173 arie
1114 4103 1192 4167 cong
