<?xml version="1.0" encoding="UTF-8"?>
<!DOCTYPE html PUBLIC "-//W3C//DTD XHTML 1.0 Transitional//EN"
    "http://www.w3.org/TR/xhtml1/DTD/xhtml1-transitional.dtd">
<html xmlns="http://www.w3.org/1999/xhtml" xml:lang="en" lang="en">
 <head>
  <title>
</title>
<meta http-equiv="Content-Type" content="text/html;charset=utf-8" />
  <meta name='ocr-system' content='tesseract 3.04.00' />
  <meta name='ocr-capabilities' content='ocr_page ocr_carea ocr_par ocr_line ocrx_word'/>
</head>
<body>
  <div class='ocr_page' id='page_1' title='image "./desitvorbislibr00melagoog_0216.png"; bbox 0 0 2634 4716; ppageno 0'>
   <div class='ocr_carea' id='block_1_1' title="bbox 210 412 1125 500">
    <p class='ocr_par' dir='ltr' id='par_1_1' title="bbox 210 412 1125 500">
     <span class='ocr_line' id='line_1_1' title="bbox 210 412 1125 500; baseline 0.007 -16"><span class='ocrx_word' id='word_1_1' title='bbox 210 427 265 486; x_wconf 79' lang='lat' dir='ltr'>tn</span> <span class='ocrx_word' id='word_1_2' title='bbox 294 422 434 487; x_wconf 78' lang='lat' dir='ltr'>roma.</span> <span class='ocrx_word' id='word_1_3' title='bbox 464 412 575 486; x_wconf 79' lang='lat' dir='ltr'>ua&#39;t.</span> <span class='ocrx_word' id='word_1_4' title='bbox 617 427 698 486; x_wconf 70' lang='lat' dir='ltr'>ot.</span> <span class='ocrx_word' id='word_1_5' title='bbox 741 426 874 491; x_wconf 78' lang='lat' dir='ltr'>omn</span> <span class='ocrx_word' id='word_1_6' title='bbox 916 429 995 500; x_wconf 68' lang='lat' dir='ltr'>ee.</span> <span class='ocrx_word' id='word_1_7' title='bbox 1067 442 1125 490; x_wconf 77' lang='grc' dir='ltr'>ιιι</span> 
     </span>
    </p>
   </div>
   <div class='ocr_carea' id='block_1_2' title="bbox 73 598 1123 693">
    <p class='ocr_par' dir='ltr' id='par_1_2' title="bbox 73 598 1123 693">
     <span class='ocr_line' id='line_1_2' title="bbox 73 598 1123 693; baseline -0.014 -25"><span class='ocrx_word' id='word_1_8' title='bbox 73 598 296 683; x_wconf 71' lang='lat' dir='ltr'>cyrenarum.</span> <span class='ocrx_word' id='word_1_9' title='bbox 323 598 433 663; x_wconf 73' lang='lat' dir='ltr'>fratres</span> <span class='ocrx_word' id='word_1_10' title='bbox 456 598 529 662; x_wconf 86' lang='lat' dir='ltr'>lecit</span> <span class='ocrx_word' id='word_1_11' title='bbox 552 599 738 665; x_wconf 81' lang='lat' dir='ltr'>Herodotus</span> <span class='ocrx_word' id='word_1_12' title='bbox 757 611 793 681; x_wconf 77' lang='grc'><strong>4.</strong></span> <span class='ocrx_word' id='word_1_13' title='bbox 821 604 901 667; x_wconf 85' lang='lat'><strong>160.</strong></span> <span class='ocrx_word' id='word_1_14' title='bbox 924 604 1056 665; x_wconf 79' lang='lat' dir='ltr'>aBarce</span> <span class='ocrx_word' id='word_1_15' title='bbox 1076 625 1123 693; x_wconf 63' lang='lat' dir='ltr'>re.</span> 
     </span>
    </p>
   </div>
   <div class='ocr_carea' id='block_1_3' title="bbox 75 703 1224 791">
    <p class='ocr_par' dir='ltr' id='par_1_3' title="bbox 75 703 1224 791">
     <span class='ocr_line' id='line_1_3' title="bbox 75 703 1224 791; baseline 0 -24"><span class='ocrx_word' id='word_1_16' title='bbox 75 707 153 791; x_wconf 67' lang='lat' dir='ltr'>gina</span> <span class='ocrx_word' id='word_1_17' title='bbox 168 722 291 766; x_wconf 87' lang='lat' dir='ltr'>nomen</span> <span class='ocrx_word' id='word_1_18' title='bbox 308 704 397 765; x_wconf 86' lang='lat' dir='ltr'>ducit</span> <span class='ocrx_word' id='word_1_19' title='bbox 410 704 540 764; x_wconf 87' lang='lat' dir='ltr'>Servioe</span> <span class='ocrx_word' id='word_1_20' title='bbox 554 704 591 762; x_wconf 86' lang='lat' dir='ltr'>ad</span> <span class='ocrx_word' id='word_1_21' title='bbox 610 703 719 786; x_wconf 78' lang='lat' dir='ltr'>virgil.</span> <span class='ocrx_word' id='word_1_22' title='bbox 736 724 763 766; x_wconf 90' lang='lat' dir='ltr'>c.</span> <span class='ocrx_word' id='word_1_23' title='bbox 778 706 800 767; x_wconf 92' lang='lat' dir='ltr'>l.</span> <span class='ocrx_word' id='word_1_24' title='bbox 835 704 1123 769; x_wconf 80' lang='lat' dir='ltr'>ADidonislratre</span> <span class='ocrx_word' id='word_1_25' title='bbox 1217 712 1224 721; x_wconf 85' lang='lat'>&#39;</span> 
     </span>
    </p>
   </div>
   <div class='ocr_carea' id='block_1_4' title="bbox 75 803 1122 1189">
    <p class='ocr_par' dir='ltr' id='par_1_4' title="bbox 75 803 1122 1189">
     <span class='ocr_line' id='line_1_4' title="bbox 75 803 1119 888; baseline 0.003 -19"><span class='ocrx_word' id='word_1_26' title='bbox 75 806 242 870; x_wconf 87' lang='lat' dir='ltr'>conditam</span> <span class='ocrx_word' id='word_1_27' title='bbox 258 817 371 887; x_wconf 85' lang='lat' dir='ltr'>putant</span> <span class='ocrx_word' id='word_1_28' title='bbox 386 817 529 865; x_wconf 76' lang='lat' dir='ltr'>auctores</span> <span class='ocrx_word' id='word_1_29' title='bbox 544 803 690 865; x_wconf 81' lang='lat' dir='ltr'>historiae</span> <span class='ocrx_word' id='word_1_30' title='bbox 703 803 847 868; x_wconf 82' lang='lat' dir='ltr'>Univerl.</span> <span class='ocrx_word' id='word_1_31' title='bbox 864 807 960 888; x_wconf 83' lang='lat' dir='ltr'>Angli</span> <span class='ocrx_word' id='word_1_32' title='bbox 979 808 1049 868; x_wconf 84' lang='lat' dir='ltr'>Vol.</span> <span class='ocrx_word' id='word_1_33' title='bbox 1065 810 1119 871; x_wconf 88' lang='grc'><strong>16.</strong></span> 
     </span>
     <span class='ocr_line' id='line_1_5' title="bbox 75 904 1122 993; baseline 0.001 -24"><span class='ocrx_word' id='word_1_34' title='bbox 75 928 112 993; x_wconf 79' lang='lat' dir='ltr'><strong>p.</strong></span> <span class='ocrx_word' id='word_1_35' title='bbox 136 920 221 992; x_wconf 70' lang='grc'><strong>146.</strong></span> <span class='ocrx_word' id='word_1_36' title='bbox 246 921 279 968; x_wconf 91' lang='lat' dir='ltr'>et</span> <span class='ocrx_word' id='word_1_37' title='bbox 296 908 402 969; x_wconf 85' lang='lat' dir='ltr'>Ritter</span> <span class='ocrx_word' id='word_1_38' title='bbox 420 907 459 966; x_wconf 86' lang='lat' dir='ltr'>ad</span> <span class='ocrx_word' id='word_1_39' title='bbox 476 905 612 966; x_wconf 77' lang='lat' dir='ltr'>Gntlrrie</span> <span class='ocrx_word' id='word_1_40' title='bbox 627 934 676 949; x_wconf 55' lang='grc'>’-</span> <span class='ocrx_word' id='word_1_41' title='bbox 698 904 810 969; x_wconf 90' lang='lat' dir='ltr'>Gelch.</span> <span class='ocrx_word' id='word_1_42' title='bbox 827 924 853 968; x_wconf 89' lang='lat' dir='ltr'>c.</span> <span class='ocrx_word' id='word_1_43' title='bbox 870 907 892 969; x_wconf 88' lang='lat' dir='ltr'>l.</span> <span class='ocrx_word' id='word_1_44' title='bbox 933 906 1041 969; x_wconf 79' lang='lat' dir='ltr'>Postea</span> <span class='ocrx_word' id='word_1_45' title='bbox 1064 928 1122 970; x_wconf 90' lang='lat' dir='ltr'>no·</span> 
     </span>
     <span class='ocr_line' id='line_1_6' title="bbox 75 1004 1121 1089; baseline 0.001 -18"><span class='ocrx_word' id='word_1_46' title='bbox 75 1028 155 1073; x_wconf 88' lang='lat' dir='ltr'>men</span> <span class='ocrx_word' id='word_1_47' title='bbox 180 1008 395 1070; x_wconf 90' lang='lat' dir='ltr'>commutavit</span> <span class='ocrx_word' id='word_1_48' title='bbox 418 1025 491 1067; x_wconf 88' lang='lat' dir='ltr'>cum</span> <span class='ocrx_word' id='word_1_49' title='bbox 518 1004 731 1079; x_wconf 78' lang='lat' dir='ltr'><em>Ptolemaide,</em></span> <span class='ocrx_word' id='word_1_50' title='bbox 762 1025 802 1069; x_wconf 84' lang='lat' dir='ltr'>ex</span> <span class='ocrx_word' id='word_1_51' title='bbox 828 1026 893 1089; x_wconf 92' lang='lat' dir='ltr'>quo</span> <span class='ocrx_word' id='word_1_52' title='bbox 916 1007 1121 1072; x_wconf 76' lang='lat' dir='ltr'>Ptolemaeus</span> 
     </span>
     <span class='ocr_line' id='line_1_7' title="bbox 77 1108 1122 1189; baseline -0.002 -15"><span class='ocrx_word' id='word_1_53' title='bbox 77 1130 148 1174; x_wconf 79' lang='lat' dir='ltr'>erm</span> <span class='ocrx_word' id='word_1_54' title='bbox 171 1110 224 1172; x_wconf 81' lang='lat' dir='ltr'>vel</span> <span class='ocrx_word' id='word_1_55' title='bbox 247 1108 447 1179; x_wconf 81' lang='lat' dir='ltr'>instauravit,</span> <span class='ocrx_word' id='word_1_56' title='bbox 474 1109 526 1169; x_wconf 85' lang='lat' dir='ltr'>vel</span> <span class='ocrx_word' id='word_1_57' title='bbox 543 1109 722 1188; x_wconf 82' lang='lat' dir='ltr'>ampliavit.</span> <span class='ocrx_word' id='word_1_58' title='bbox 776 1109 823 1169; x_wconf 84' lang='lat' dir='ltr'>lta</span> <span class='ocrx_word' id='word_1_59' title='bbox 838 1109 970 1189; x_wconf 87' lang='lat' dir='ltr'>quidem</span> <span class='ocrx_word' id='word_1_60' title='bbox 989 1108 1122 1172; x_wconf 75' lang='lat' dir='ltr'>[tradent</span> 
     </span>
    </p>
   </div>
   <div class='ocr_carea' id='block_1_5' title="bbox 77 1209 1226 1294">
    <p class='ocr_par' dir='ltr' id='par_1_5' title="bbox 77 1209 1226 1294">
     <span class='ocr_line' id='line_1_8' title="bbox 77 1209 1226 1294; baseline -0.002 -19"><span class='ocrx_word' id='word_1_61' title='bbox 77 1210 255 1294; x_wconf 65' lang='lat' dir='ltr'>[teneriores</span> <span class='ocrx_word' id='word_1_62' title='bbox 271 1224 426 1273; x_wconf 86' lang='lat' dir='ltr'>auctoree.</span> <span class='ocrx_word' id='word_1_63' title='bbox 467 1209 671 1271; x_wconf 71' lang='lat' dir='ltr'>Ptolemaeus</span> <span class='ocrx_word' id='word_1_64' title='bbox 685 1222 792 1270; x_wconf 77' lang='lat' dir='ltr'>tamen</span> <span class='ocrx_word' id='word_1_65' title='bbox 809 1222 975 1291; x_wconf 85' lang='lat' dir='ltr'>utramque</span> <span class='ocrx_word' id='word_1_66' title='bbox 992 1209 1119 1291; x_wconf 78' lang='lat' dir='ltr'>separat,</span> <span class='ocrx_word' id='word_1_67' title='bbox 1222 1228 1226 1233; x_wconf 83' lang='lat'>&#39;</span> 
     </span>
    </p>
   </div>
   <div class='ocr_carea' id='block_1_6' title="bbox 39 1308 1183 2817">
    <p class='ocr_par' dir='ltr' id='par_1_6' title="bbox 39 1308 1183 2817">
     <span class='ocr_line' id='line_1_9' title="bbox 75 1308 1183 1398; baseline -0.002 -22"><span class='ocrx_word' id='word_1_68' title='bbox 75 1312 199 1376; x_wconf 80' lang='lat' dir='ltr'>Barcen</span> <span class='ocrx_word' id='word_1_69' title='bbox 218 1311 483 1375; x_wconf 68' lang='lat' dir='ltr'>mediterraneam</span> <span class='ocrx_word' id='word_1_70' title='bbox 506 1308 597 1379; x_wconf 83' lang='lat' dir='ltr'>lacit,</span> <span class='ocrx_word' id='word_1_71' title='bbox 623 1311 816 1372; x_wconf 79' lang='lat' dir='ltr'>maritimam</span> <span class='ocrx_word' id='word_1_72' title='bbox 836 1311 999 1373; x_wconf 89' lang='lat' dir='ltr'>alteram.&#39;</span> <span class='ocrx_word' id='word_1_73' title='bbox 1028 1314 1120 1398; x_wconf 65' lang='lat' dir='ltr'>Quem</span> <span class='ocrx_word' id='word_1_74' title='bbox 1175 1318 1183 1329; x_wconf 90' lang='lat'>&#39;</span> 
     </span>
     <span class='ocr_line' id='line_1_10' title="bbox 75 1411 1121 1493; baseline 0 -17"><span class='ocrx_word' id='word_1_75' title='bbox 75 1412 248 1477; x_wconf 80' lang='lat' dir='ltr'>difficultate</span> <span class='ocrx_word' id='word_1_76' title='bbox 270 1414 309 1473; x_wconf 89' lang='lat' dir='ltr'>lic</span> <span class='ocrx_word' id='word_1_77' title='bbox 332 1414 404 1475; x_wconf 89' lang='lat' dir='ltr'>tolli·</span> <span class='ocrx_word' id='word_1_78' title='bbox 430 1412 548 1493; x_wconf 82' lang='lat' dir='ltr'>potest‚</span> <span class='ocrx_word' id='word_1_79' title='bbox 578 1411 600 1472; x_wconf 87' lang='lat' dir='ltr'>li</span> <span class='ocrx_word' id='word_1_80' title='bbox 625 1411 825 1472; x_wconf 82' lang='lat' dir='ltr'>Ptolemaida</span> <span class='ocrx_word' id='word_1_81' title='bbox 852 1412 885 1472; x_wconf 91' lang='lat' dir='ltr'>in</span> <span class='ocrx_word' id='word_1_82' title='bbox 910 1414 1121 1477; x_wconf 75' lang='lat' dir='ltr'>Barcanorum</span> 
     </span>
     <span class='ocr_line' id='line_1_11' title="bbox 75 1512 1118 1601; baseline 0.001 -23"><span class='ocrx_word' id='word_1_83' title='bbox 75 1529 175 1601; x_wconf 79' lang='lat' dir='ltr'>portu</span> <span class='ocrx_word' id='word_1_84' title='bbox 196 1516 369 1585; x_wconf 84' lang='lat' dir='ltr'>conditam.</span> <span class='ocrx_word' id='word_1_85' title='bbox 399 1528 433 1573; x_wconf 85' lang='lat' dir='ltr'>et</span> <span class='ocrx_word' id='word_1_86' title='bbox 455 1513 529 1574; x_wconf 89' lang='lat' dir='ltr'>inde</span> <span class='ocrx_word' id='word_1_87' title='bbox 552 1513 591 1574; x_wconf 89' lang='lat' dir='ltr'>ad</span> <span class='ocrx_word' id='word_1_88' title='bbox 609 1512 729 1573; x_wconf 86' lang='lat' dir='ltr'>Barcen</span> <span class='ocrx_word' id='word_1_89' title='bbox 753 1515 937 1594; x_wconf 83' lang='lat' dir='ltr'>productam</span> <span class='ocrx_word' id='word_1_90' title='bbox 965 1515 1118 1579; x_wconf 78' lang='lat' dir='ltr'>dicamur.</span> 
     </span>
     <span class='ocr_line' id='line_1_12' title="bbox 76 1613 1121 1699; baseline 0 -20"><span class='ocrx_word' id='word_1_91' title='bbox 76 1616 208 1698; x_wconf 86' lang='lat' dir='ltr'>Nempe</span> <span class='ocrx_word' id='word_1_92' title='bbox 229 1631 360 1699; x_wconf 86' lang='lat' dir='ltr'>portum</span> <span class='ocrx_word' id='word_1_93' title='bbox 376 1628 608 1676; x_wconf 81' lang='lat' dir='ltr'>commemorat</span> <span class='ocrx_word' id='word_1_94' title='bbox 624 1615 735 1693; x_wconf 83' lang='lat' dir='ltr'>Scylax</span> <span class='ocrx_word' id='word_1_95' title='bbox 755 1634 786 1695; x_wconf 88' lang='lat' dir='ltr'><strong>p.</strong></span> <span class='ocrx_word' id='word_1_96' title='bbox 805 1617 863 1695; x_wconf 87' lang='grc'><strong>46.</strong></span> <span class='ocrx_word' id='word_1_97' title='bbox 882 1613 981 1677; x_wconf 85' lang='lat' dir='ltr'>Hodl.</span> <span class='ocrx_word' id='word_1_98' title='bbox 1002 1616 1121 1679; x_wconf 73' lang='lat' dir='ltr'>&#39;urbem</span> 
     </span>
     <span class='ocr_line' id='line_1_13' title="bbox 75 1717 1121 1801; baseline 0 -20"><span class='ocrx_word' id='word_1_99' title='bbox 75 1717 175 1801; x_wconf 77' lang='lat' dir='ltr'>ipsam</span> <span class='ocrx_word' id='word_1_100' title='bbox 197 1736 264 1779; x_wconf 80' lang='lat' dir='ltr'>too</span> <span class='ocrx_word' id='word_1_101' title='bbox 280 1717 413 1779; x_wconf 85' lang='lat' dir='ltr'>liadiiea</span> <span class='ocrx_word' id='word_1_102' title='bbox 430 1717 509 1775; x_wconf 87' lang='lat' dir='ltr'>mari</span> <span class='ocrx_word' id='word_1_103' title='bbox 526 1730 683 1777; x_wconf 83' lang='lat' dir='ltr'>removet.</span> <span class='ocrx_word' id='word_1_104' title='bbox 711 1717 758 1775; x_wconf 91' lang='lat' dir='ltr'>lta</span> <span class='ocrx_word' id='word_1_105' title='bbox 774 1717 905 1797; x_wconf 82' lang='lat' dir='ltr'>quidem</span> <span class='ocrx_word' id='word_1_106' title='bbox 921 1719 1121 1781; x_wconf 82' lang='lat' dir='ltr'>concilianda</span> 
     </span>
     <span class='ocr_line' id='line_1_14' title="bbox 76 1816 1119 1901; baseline -0.004 -17"><span class='ocrx_word' id='word_1_107' title='bbox 76 1820 116 1884; x_wconf 69' lang='lat' dir='ltr'>ei</span> <span class='ocrx_word' id='word_1_108' title='bbox 135 1818 356 1881; x_wconf 81' lang='lat' dir='ltr'>existimarunt</span> <span class='ocrx_word' id='word_1_109' title='bbox 378 1818 474 1879; x_wconf 83' lang='lat' dir='ltr'>etiam</span> <span class='ocrx_word' id='word_1_110' title='bbox 495 1817 565 1887; x_wconf 84' lang='lat' dir='ltr'>alii.</span> <span class='ocrx_word' id='word_1_111' title='bbox 596 1831 631 1876; x_wconf 88' lang='lat' dir='ltr'>ut</span> <span class='ocrx_word' id='word_1_112' title='bbox 645 1816 800 1880; x_wconf 84' lang='lat' dir='ltr'>Cellariue</span> <span class='ocrx_word' id='word_1_113' title='bbox 817 1818 850 1878; x_wconf 89' lang='lat' dir='ltr'>in</span> <span class='ocrx_word' id='word_1_114' title='bbox 868 1819 983 1901; x_wconf 82' lang='lat' dir='ltr'>Googr.</span> <span class='ocrx_word' id='word_1_115' title='bbox 1001 1835 1066 1881; x_wconf 84' lang='lat' dir='ltr'>ent.</span> <span class='ocrx_word' id='word_1_116' title='bbox 1084 1833 1119 1900; x_wconf 85' lang='grc'>4,</span> 
     </span>
     <span class='ocr_line' id='line_1_15' title="bbox 60 1918 1119 1991; baseline 0.003 -9"><span class='ocrx_word' id='word_1_117' title='bbox 60 1922 115 1991; x_wconf 77' lang='grc' dir='ltr'><strong>Ὠ.</strong></span> <span class='ocrx_word' id='word_1_118' title='bbox 136 1936 197 1983; x_wconf 79' lang='lat'><strong>21.</strong></span> <span class='ocrx_word' id='word_1_119' title='bbox 228 1919 420 1983; x_wconf 86' lang='lat' dir='ltr'>Bochart.c.</span> <span class='ocrx_word' id='word_1_120' title='bbox 442 1918 465 1981; x_wconf 92' lang='lat' dir='ltr'>l.</span> <span class='ocrx_word' id='word_1_121' title='bbox 499 1918 655 1981; x_wconf 87' lang='lat' dir='ltr'>Harduio.</span> <span class='ocrx_word' id='word_1_122' title='bbox 679 1918 718 1978; x_wconf 90' lang='lat' dir='ltr'>ad</span> <span class='ocrx_word' id='word_1_123' title='bbox 740 1918 906 1982; x_wconf 89' lang='lat' dir='ltr'>Plin.c.l.</span> <span class='ocrx_word' id='word_1_124' title='bbox 942 1919 1119 1985; x_wconf 83' lang='lat' dir='ltr'>Holmann.</span> 
     </span>
     <span class='ocr_line' id='line_1_16' title="bbox 78 2002 1120 2102; baseline -0.003 -17"><span class='ocrx_word' id='word_1_125' title='bbox 78 2023 120 2085; x_wconf 77' lang='lat' dir='ltr'>aa</span> <span class='ocrx_word' id='word_1_126' title='bbox 136 2021 271 2083; x_wconf 66' lang='lat' dir='ltr'>oracul.</span> <span class='ocrx_word' id='word_1_127' title='bbox 290 2019 404 2100; x_wconf 70' lang='lat' dir='ltr'>steyn.</span> <span class='ocrx_word' id='word_1_128' title='bbox 427 2018 482 2079; x_wconf 80' lang='lat' dir='ltr'>no.</span> <span class='ocrx_word' id='word_1_129' title='bbox 499 2031 532 2094; x_wconf 81' lang='lat'><strong>5.</strong></span> <span class='ocrx_word' id='word_1_130' title='bbox 560 2040 592 2100; x_wconf 79' lang='lat' dir='ltr'><strong>p.</strong></span> <span class='ocrx_word' id='word_1_131' title='bbox 608 2029 693 2095; x_wconf 69' lang='lat'><strong>531.</strong></span> <span class='ocrx_word' id='word_1_132' title='bbox 708 2020 758 2080; x_wconf 77' lang='lat' dir='ltr'>ea.</span> <span class='ocrx_word' id='word_1_133' title='bbox 777 2002 911 2090; x_wconf 67' lang='lat' dir='ltr'>eattae}</span> <span class='ocrx_word' id='word_1_134' title='bbox 945 2020 1120 2102; x_wconf 76' lang='lat' dir='ltr'>spanhem.</span> 
     </span>
     <span class='ocr_line' id='line_1_17' title="bbox 79 2117 1123 2200; baseline 0 -14"><span class='ocrx_word' id='word_1_135' title='bbox 79 2125 123 2187; x_wconf 86' lang='lat' dir='ltr'>de</span> <span class='ocrx_word' id='word_1_136' title='bbox 138 2120 199 2183; x_wconf 91' lang='lat' dir='ltr'>ulu</span> <span class='ocrx_word' id='word_1_137' title='bbox 219 2150 270 2166; x_wconf 89' lang='lat'>—</span> <span class='ocrx_word' id='word_1_138' title='bbox 293 2121 364 2185; x_wconf 83' lang='lat' dir='ltr'>Vol.</span> <span class='ocrx_word' id='word_1_139' title='bbox 380 2141 409 2183; x_wconf 86' lang='grc' dir='ltr'><strong>ι.</strong></span> <span class='ocrx_word' id='word_1_140' title='bbox 423 2117 489 2179; x_wconf 83' lang='lat' dir='ltr'>diff.</span> <span class='ocrx_word' id='word_1_141' title='bbox 501 2118 534 2182; x_wconf 90' lang='lat'>6.</span> <span class='ocrx_word' id='word_1_142' title='bbox 549 2139 581 2200; x_wconf 91' lang='lat' dir='ltr'>p.</span> <span class='ocrx_word' id='word_1_143' title='bbox 598 2138 642 2180; x_wconf 89' lang='lat' dir='ltr'>m.</span> <span class='ocrx_word' id='word_1_144' title='bbox 657 2120 741 2198; x_wconf 79' lang='lat'><strong>296.</strong></span> <span class='ocrx_word' id='word_1_145' title='bbox 770 2121 894 2182; x_wconf 83' lang='lat' dir='ltr'>Wellel.</span> <span class='ocrx_word' id='word_1_146' title='bbox 909 2122 947 2181; x_wconf 84' lang='lat' dir='ltr'>ad</span> <span class='ocrx_word' id='word_1_147' title='bbox 963 2124 1123 2186; x_wconf 83' lang='lat' dir='ltr'>Antonin.</span> 
     </span>
     <span class='ocr_line' id='line_1_18' title="bbox 77 2198 1124 2310; baseline -0.002 -22"><span class='ocrx_word' id='word_1_148' title='bbox 77 2226 191 2310; x_wconf 81' lang='lat' dir='ltr'><strong>p.·67.</strong></span> <span class='ocrx_word' id='word_1_149' title='bbox 228 2220 345 2305; x_wconf 86' lang='lat' dir='ltr'>Neque</span> <span class='ocrx_word' id='word_1_150' title='bbox 358 2236 467 2283; x_wconf 88' lang='lat' dir='ltr'>tamen</span> <span class='ocrx_word' id='word_1_151' title='bbox 483 2218 601 2281; x_wconf 85' lang='lat' dir='ltr'>Barcen</span> <span class='ocrx_word' id='word_1_152' title='bbox 617 2217 686 2299; x_wconf 80' lang='lat' dir='ltr'>poll</span> <span class='ocrx_word' id='word_1_153' title='bbox 701 2218 892 2281; x_wconf 84' lang='lat' dir='ltr'>divilionem</span> <span class='ocrx_word' id='word_1_154' title='bbox 908 2198 1015 2283; x_wconf 64' lang='lat' dir='ltr'>auitae</span> <span class='ocrx_word' id='word_1_155' title='bbox 1032 2226 1124 2287; x_wconf 83' lang='lat' dir='ltr'>urbie</span> 
     </span>
     <span class='ocr_line' id='line_1_19' title="bbox 77 2320 1124 2412; baseline 0.002 -26"><span class='ocrx_word' id='word_1_156' title='bbox 77 2328 230 2412; x_wconf 78' lang='lat' dir='ltr'>ignotam</span> <span class='ocrx_word' id='word_1_157' title='bbox 241 2321 349 2399; x_wconf 72' lang='lat' dir='ltr'>mitte,</span> <span class='ocrx_word' id='word_1_158' title='bbox 374 2321 650 2408; x_wconf 19' lang='lat' dir='ltr'>eit-monumentis</span> <span class='ocrx_word' id='word_1_159' title='bbox 666 2320 846 2382; x_wconf 86' lang='lat' dir='ltr'>docuerunt</span> <span class='ocrx_word' id='word_1_160' title='bbox 859 2322 1070 2402; x_wconf 83' lang='lat' dir='ltr'>Spanhemioe</span> <span class='ocrx_word' id='word_1_161' title='bbox 1089 2328 1124 2387; x_wconf 84' lang='lat' dir='ltr'>et</span> 
     </span>
     <span class='ocr_line' id='line_1_20' title="bbox 78 2419 1123 2509; baseline -0.001 -19"><span class='ocrx_word' id='word_1_162' title='bbox 78 2424 318 2509; x_wconf 82' lang='lat' dir='ltr'>Welleliogiue.</span> <span class='ocrx_word' id='word_1_163' title='bbox 368 2422 595 2487; x_wconf 87' lang='lat' dir='ltr'>Celebritatem</span> <span class='ocrx_word' id='word_1_164' title='bbox 616 2419 823 2485; x_wconf 84' lang='lat' dir='ltr'>Ptolemaidie</span> <span class='ocrx_word' id='word_1_165' title='bbox 847 2422 982 2484; x_wconf 85' lang='lat' dir='ltr'>declarat</span> <span class='ocrx_word' id='word_1_166' title='bbox 1003 2425 1123 2489; x_wconf 78' lang='lat' dir='ltr'>adiecta</span> 
     </span>
     <span class='ocr_line' id='line_1_21' title="bbox 79 2514 1123 2615; baseline -0.003 -23"><span class='ocrx_word' id='word_1_167' title='bbox 79 2530 121 2592; x_wconf 84' lang='lat' dir='ltr'>iu</span> <span class='ocrx_word' id='word_1_168' title='bbox 139 2527 325 2591; x_wconf 85' lang='lat' dir='ltr'>Ptolemaeo</span> <span class='ocrx_word' id='word_1_169' title='bbox 346 2544 412 2588; x_wconf 87' lang='lat' dir='ltr'>vox</span> <span class='ocrx_word' id='word_1_170' title='bbox 433 2520 596 2615; x_wconf 68' lang='grc' dir='ltr'><strong>ἐπίσημος.</strong></span> <span class='ocrx_word' id='word_1_171' title='bbox 639 2523 682 2586; x_wconf 81' lang='lat' dir='ltr'><strong>H.</strong></span> <span class='ocrx_word' id='word_1_172' title='bbox 705 2521 865 2584; x_wconf 78' lang='lat' dir='ltr'>Tolometo</span> <span class='ocrx_word' id='word_1_173' title='bbox 888 2521 908 2586; x_wconf 92' lang='lat' dir='ltr'>l.</span> <span class='ocrx_word' id='word_1_174' title='bbox 929 2514 1123 2605; x_wconf 77' lang='lat' dir='ltr'>Ptolomet&#39;a.</span> 
     </span>
     <span class='ocr_line' id='line_1_22' title="bbox 39 2612 1125 2709; baseline -0.004 -14"><span class='ocrx_word' id='word_1_175' title='bbox 39 2612 42 2619; x_wconf 33' lang='grc' dir='ltr'>Ι</span> <span class='ocrx_word' id='word_1_176' title='bbox 78 2627 136 2695; x_wconf 76' lang='lat' dir='ltr'>Gi.</span> <span class='ocrx_word' id='word_1_177' title='bbox 152 2629 257 2691; x_wconf 85' lang='lat' dir='ltr'>Bruce</span> <span class='ocrx_word' id='word_1_178' title='bbox 275 2625 390 2690; x_wconf 75' lang='lat' dir='ltr'>lieilen</span> <span class='ocrx_word' id='word_1_179' title='bbox 408 2647 441 2709; x_wconf 86' lang='lat' dir='ltr'><strong>p.</strong></span> <span class='ocrx_word' id='word_1_180' title='bbox 460 2637 518 2704; x_wconf 77' lang='grc'><strong>58.</strong></span> <span class='ocrx_word' id='word_1_181' title='bbox 537 2622 740 2708; x_wconf 81' lang='lat' dir='ltr'>Einleitung.</span> <span class='ocrx_word' id='word_1_182' title='bbox 766 2622 823 2685; x_wconf 83' lang='lat' dir='ltr'>tibi</span> <span class='ocrx_word' id='word_1_183' title='bbox 842 2627 956 2687; x_wconf 85' lang='lat' dir='ltr'>rudera</span> <span class='ocrx_word' id='word_1_184' title='bbox 977 2618 1125 2690; x_wconf 67' lang='lat' dir='ltr'>latided-</span> 
     </span>
     <span class='ocr_line' id='line_1_23' title="bbox 61 2722 767 2817; baseline -0.011 -23"><span class='ocrx_word' id='word_1_185' title='bbox 61 2731 148 2817; x_wconf 17' lang='lat' dir='ltr'>‘huc</span> <span class='ocrx_word' id='word_1_186' title='bbox 167 2725 337 2811; x_wconf 82' lang='lat' dir='ltr'>conspicua</span> <span class='ocrx_word' id='word_1_187' title='bbox 356 2726 512 2790; x_wconf 77' lang='lat' dir='ltr'>describit.</span> <span class='ocrx_word' id='word_1_188' title='bbox 765 2722 767 2727; x_wconf 81' lang='grc'><strong>’</strong></span> 
     </span>
    </p>
   </div>
   <div class='ocr_carea' id='block_1_7' title="bbox 156 2900 1204 3024">
    <p class='ocr_par' dir='ltr' id='par_1_7' title="bbox 156 2900 1204 3024">
     <span class='ocr_line' id='line_1_24' title="bbox 156 2900 1204 3024; baseline 0 -29"><span class='ocrx_word' id='word_1_189' title='bbox 156 2921 361 3024; x_wconf 84' lang='lat' dir='ltr'>Arsinoe)</span> <span class='ocrx_word' id='word_1_190' title='bbox 411 2922 512 2992; x_wconf 82' lang='lat' dir='ltr'>Geffit</span> <span class='ocrx_word' id='word_1_191' title='bbox 535 2941 568 2991; x_wconf 89' lang='lat' dir='ltr'>et</span> <span class='ocrx_word' id='word_1_192' title='bbox 591 2927 668 2991; x_wconf 85' lang='lat' dir='ltr'>haec</span> <span class='ocrx_word' id='word_1_193' title='bbox 691 2927 768 2990; x_wconf 90' lang='lat' dir='ltr'>olim</span> <span class='ocrx_word' id='word_1_194' title='bbox 794 2928 881 2991; x_wconf 88' lang='lat' dir='ltr'>aliud</span> <span class='ocrx_word' id='word_1_195' title='bbox 905 2927 1044 3003; x_wconf 78' lang='lat' dir='ltr'>nomen.</span> <span class='ocrx_word' id='word_1_196' title='bbox 1075 2935 1127 2997; x_wconf 82' lang='lat' dir='ltr'>uti</span> <span class='ocrx_word' id='word_1_197' title='bbox 1199 2900 1204 2907; x_wconf 26' lang='grc' dir='ltr'>Ι</span> 
     </span>
    </p>
   </div>
   <div class='ocr_carea' id='block_1_8' title="bbox 81 3028 1252 3113">
    <p class='ocr_par' dir='ltr' id='par_1_8' title="bbox 81 3028 1252 3113">
     <span class='ocr_line' id='line_1_25' title="bbox 81 3028 1252 3113; baseline -0.003 -14"><span class='ocrx_word' id='word_1_198' title='bbox 81 3034 216 3099; x_wconf 77' lang='lat' dir='ltr'>meunt</span> <span class='ocrx_word' id='word_1_199' title='bbox 238 3031 350 3095; x_wconf 85' lang='lat' dir='ltr'>Strabo</span> <span class='ocrx_word' id='word_1_200' title='bbox 372 3045 426 3107; x_wconf 87' lang='grc'><strong>17.</strong></span> <span class='ocrx_word' id='word_1_201' title='bbox 450 3050 482 3113; x_wconf 90' lang='lat' dir='ltr'><strong>p.</strong></span> <span class='ocrx_word' id='word_1_202' title='bbox 506 3028 905 3109; x_wconf 77' lang='lat' dir='ltr'>575.l.837..‘Ptolem.</span> <span class='ocrx_word' id='word_1_203' title='bbox 926 3042 961 3110; x_wconf 83' lang='grc'>4,</span> <span class='ocrx_word' id='word_1_204' title='bbox 983 3043 1019 3109; x_wconf 87' lang='grc'><strong>4.</strong></span> <span class='ocrx_word' id='word_1_205' title='bbox 1054 3035 1125 3096; x_wconf 86' lang='lat' dir='ltr'>Ste·</span> <span class='ocrx_word' id='word_1_206' title='bbox 1249 3052 1252 3057; x_wconf 77' lang='grc'>’</span> 
     </span>
    </p>
   </div>
   <div class='ocr_carea' id='block_1_9' title="bbox 81 3124 1153 4127">
    <p class='ocr_par' dir='ltr' id='par_1_9' title="bbox 81 3124 1153 4127">
     <span class='ocr_line' id='line_1_26' title="bbox 81 3124 1122 3220; baseline 0.002 -23"><span class='ocrx_word' id='word_1_207' title='bbox 81 3136 183 3220; x_wconf 75' lang='lat' dir='ltr'>poan.</span> <span class='ocrx_word' id='word_1_208' title='bbox 202 3133 236 3196; x_wconf 91' lang='lat' dir='ltr'><strong>h.</strong></span> <span class='ocrx_word' id='word_1_209' title='bbox 252 3153 285 3197; x_wconf 83' lang='lat' dir='ltr'><strong>v.</strong></span> <span class='ocrx_word' id='word_1_210' title='bbox 308 3146 343 3197; x_wconf 88' lang='lat' dir='ltr'>et</span> <span class='ocrx_word' id='word_1_211' title='bbox 364 3125 557 3219; x_wconf 76' lang='grc' dir='ltr'><strong><em>Ταύχειρα,</em></strong></span> <span class='ocrx_word' id='word_1_212' title='bbox 585 3130 669 3194; x_wconf 85' lang='lat' dir='ltr'>Plio.</span> <span class='ocrx_word' id='word_1_213' title='bbox 685 3132 721 3219; x_wconf 76' lang='grc' dir='ltr'>Ι5,’</span> <span class='ocrx_word' id='word_1_214' title='bbox 745 3143 778 3206; x_wconf 81' lang='lat'><strong>5.</strong></span> <span class='ocrx_word' id='word_1_215' title='bbox 815 3124 961 3194; x_wconf 73' lang='lat' dir='ltr'>Martian&#39;.</span> <span class='ocrx_word' id='word_1_216' title='bbox 986 3133 1070 3217; x_wconf 75' lang='lat' dir='ltr'><strong>Cap.</strong></span> <span class='ocrx_word' id='word_1_217' title='bbox 1086 3137 1122 3200; x_wconf 93' lang='grc'><strong>6.</strong></span> 
     </span>
     <span class='ocr_line' id='line_1_27' title="bbox 82 3224 1153 3323; baseline -0.002 -24"><span class='ocrx_word' id='word_1_218' title='bbox 82 3259 121 3323; x_wconf 81' lang='lat' dir='ltr'><strong>p.</strong></span> <span class='ocrx_word' id='word_1_219' title='bbox 140 3250 224 3312; x_wconf 78' lang='lat'><strong>217.</strong></span> <span class='ocrx_word' id='word_1_220' title='bbox 251 3232 306 3298; x_wconf 80' lang='lat' dir='ltr'>etsi</span> <span class='ocrx_word' id='word_1_221' title='bbox 328 3224 472 3297; x_wconf 69' lang='lat' dir='ltr'>auct&#39;oree</span> <span class='ocrx_word' id='word_1_222' title='bbox 495 3233 528 3293; x_wconf 89' lang='lat' dir='ltr'>hi</span> <span class='ocrx_word' id='word_1_223' title='bbox 550 3233 665 3314; x_wconf 87' lang='lat' dir='ltr'>aliique</span> <span class='ocrx_word' id='word_1_224' title='bbox 682 3232 714 3291; x_wconf 89' lang='lat' dir='ltr'>in</span> <span class='ocrx_word' id='word_1_225' title='bbox 737 3229 884 3313; x_wconf 75' lang='lat' dir='ltr'>scriptura</span> <span class='ocrx_word' id='word_1_226' title='bbox 901 3234 970 3294; x_wconf 81' lang='lat' dir='ltr'>ciue</span> <span class='ocrx_word' id='word_1_227' title='bbox 988 3235 1122 3300; x_wconf 83' lang='lat' dir='ltr'>varient.</span> <span class='ocrx_word' id='word_1_228' title='bbox 1150 3250 1153 3255; x_wconf 85' lang='grc'>’</span> 
     </span>
     <span class='ocr_line' id='line_1_28' title="bbox 83 3318 1126 3422; baseline -0.003 -20"><span class='ocrx_word' id='word_1_229' title='bbox 83 3336 216 3420; x_wconf 85' lang='lat' dir='ltr'>Nempe</span> <span class='ocrx_word' id='word_1_230' title='bbox 238 3329 405 3422; x_wconf 69' lang='grc' dir='ltr'>Τεύχειρα</span> <span class='ocrx_word' id='word_1_231' title='bbox 422 3318 562 3407; x_wconf 81' lang='lat' dir='ltr'>¹Strabo,</span> <span class='ocrx_word' id='word_1_232' title='bbox 587 3333 660 3417; x_wconf 21' lang='lat' dir='ltr'>(ex.</span> <span class='ocrx_word' id='word_1_233' title='bbox 675 3334 807 3417; x_wconf 80' lang='lat' dir='ltr'>emend.</span> <span class='ocrx_word' id='word_1_234' title='bbox 831 3330 985 3417; x_wconf 73' lang='lat' dir='ltr'>cataub.)</span> <span class='ocrx_word' id='word_1_235' title='bbox 1019 3335 1126 3400; x_wconf 85' lang='lat' dir='ltr'>Ptole·</span> 
     </span>
     <span class='ocr_line' id='line_1_29' title="bbox 83 3422 1141 3537; baseline -0.005 -34"><span class='ocrx_word' id='word_1_236' title='bbox 83 3458 213 3509; x_wconf 70' lang='lat' dir='ltr'>micui,</span> <span class='ocrx_word' id='word_1_237' title='bbox 246 3438 383 3499; x_wconf 87' lang='lat' dir='ltr'>Diodor.</span> <span class='ocrx_word' id='word_1_238' title='bbox 411 3446 464 3514; x_wconf 76' lang='grc'>13,</span> <span class='ocrx_word' id='word_1_239' title='bbox 488 3451 546 3500; x_wconf 79' lang='lat' dir='ltr'>oo.</span> <span class='ocrx_word' id='word_1_240' title='bbox 587 3422 783 3514; x_wconf 80' lang='lat' dir='ltr'>Lycoph&#39;ron</span> <span class='ocrx_word' id='word_1_241' title='bbox 807 3454 839 3496; x_wconf 81' lang='lat' dir='ltr'>r.</span> <span class='ocrx_word' id='word_1_242' title='bbox 864 3446 948 3511; x_wconf 77' lang='grc'><strong>677.</strong></span> <span class='ocrx_word' id='word_1_243' title='bbox 984 3436 1141 3537; x_wconf 62' lang='lat' dir='ltr'>Procoo.&#39;</span> 
     </span>
     <span class='ocr_line' id='line_1_30' title="bbox 86 3534 1124 3620; baseline -0.001 -17"><span class='ocrx_word' id='word_1_244' title='bbox 86 3541 131 3603; x_wconf 79' lang='lat' dir='ltr'>da</span> <span class='ocrx_word' id='word_1_245' title='bbox 150 3540 271 3602; x_wconf 84' lang='lat' dir='ltr'>aedific.</span> <span class='ocrx_word' id='word_1_246' title='bbox 294 3539 349 3608; x_wconf 87' lang='grc'>16,</span> <span class='ocrx_word' id='word_1_247' title='bbox 375 3550 408 3599; x_wconf 84' lang='lat'><strong>2.</strong></span> <span class='ocrx_word' id='word_1_248' title='bbox 443 3538 585 3607; x_wconf 76' lang='lat' dir='ltr'>Plinius.</span> <span class='ocrx_word' id='word_1_249' title='bbox 611 3534 806 3605; x_wconf 74' lang='lat' dir='ltr'>Martianus.</span> <span class='ocrx_word' id='word_1_250' title='bbox 833 3534 951 3620; x_wconf 83' lang='lat' dir='ltr'>Geogt.</span> <span class='ocrx_word' id='word_1_251' title='bbox 975 3538 1124 3610; x_wconf 81' lang='lat' dir='ltr'>Ravenn.</span> 
     </span>
     <span class='ocr_line' id='line_1_31' title="bbox 88 3635 1125 3723; baseline 0.003 -22"><span class='ocrx_word' id='word_1_252' title='bbox 88 3655 125 3723; x_wconf 70' lang='lat'>3,</span> <span class='ocrx_word' id='word_1_253' title='bbox 140 3651 176 3722; x_wconf 79' lang='grc'><strong>4.</strong></span> <span class='ocrx_word' id='word_1_254' title='bbox 201 3652 235 3719; x_wconf 77' lang='lat'><strong>6.</strong></span> <span class='ocrx_word' id='word_1_255' title='bbox 260 3641 293 3704; x_wconf 89' lang='grc'><strong>6.</strong></span> <span class='ocrx_word' id='word_1_256' title='bbox 337 3640 492 3701; x_wconf 78' lang='lat' dir='ltr'>Antonio.</span> <span class='ocrx_word' id='word_1_257' title='bbox 514 3639 585 3700; x_wconf 90' lang='lat' dir='ltr'>itin.</span> <span class='ocrx_word' id='word_1_258' title='bbox 606 3636 714 3718; x_wconf 64' lang='lat' dir='ltr'>i‘·..⁶7·</span> <span class='ocrx_word' id='word_1_259' title='bbox 747 3635 909 3699; x_wconf 74' lang='lat' dir='ltr'>Hierocles</span> <span class='ocrx_word' id='word_1_260' title='bbox 928 3639 963 3697; x_wconf 92' lang='lat' dir='ltr'>in</span> <span class='ocrx_word' id='word_1_261' title='bbox 986 3640 1125 3718; x_wconf 85' lang='lat' dir='ltr'>Synectl.</span> 
     </span>
     <span class='ocr_line' id='line_1_32' title="bbox 84 3736 1128 3831; baseline -0.003 -26"><span class='ocrx_word' id='word_1_262' title='bbox 84 3765 121 3829; x_wconf 86' lang='lat' dir='ltr'><strong>p.</strong></span> <span class='ocrx_word' id='word_1_263' title='bbox 141 3756 227 3828; x_wconf 77' lang='lat'><strong>¹753.</strong></span> <span class='ocrx_word' id='word_1_264' title='bbox 258 3739 366 3805; x_wconf 89' lang='lat' dir='ltr'>Schol.</span> <span class='ocrx_word' id='word_1_265' title='bbox 390 3738 520 3801; x_wconf 87' lang='lat' dir='ltr'>Pindari</span> <span class='ocrx_word' id='word_1_266' title='bbox 542 3741 580 3801; x_wconf 88' lang='lat' dir='ltr'>ad</span> <span class='ocrx_word' id='word_1_267' title='bbox 599 3737 697 3818; x_wconf 83' lang='lat' dir='ltr'>Pyth.</span> <span class='ocrx_word' id='word_1_268' title='bbox 719 3744 754 3817; x_wconf 80' lang='grc'>4,</span> <span class='ocrx_word' id='word_1_269' title='bbox 780 3738 837 3801; x_wconf 66' lang='grc'><strong>16.</strong></span> <span class='ocrx_word' id='word_1_270' title='bbox 863 3773 910 3786; x_wconf 93' lang='grc'><strong>-</strong></span> <span class='ocrx_word' id='word_1_271' title='bbox 950 3736 1128 3831; x_wconf 73' lang='grc' dir='ltr'>Ταύχειρα</span> 
     </span>
     <span class='ocr_line' id='line_1_33' title="bbox 86 3828 1131 3924; baseline -0.002 -17"><span class='ocrx_word' id='word_1_272' title='bbox 86 3844 158 3916; x_wconf 75' lang='lat' dir='ltr'>atii.</span> <span class='ocrx_word' id='word_1_273' title='bbox 192 3845 229 3904; x_wconf 92' lang='lat' dir='ltr'>in</span> <span class='ocrx_word' id='word_1_274' title='bbox 257 3841 374 3924; x_wconf 78' lang='lat' dir='ltr'>quibus</span> <span class='ocrx_word' id='word_1_275' title='bbox 398 3840 555 3904; x_wconf 86' lang='lat' dir='ltr'>Herodot.</span> <span class='ocrx_word' id='word_1_276' title='bbox 577 3849 612 3919; x_wconf 82' lang='grc'>4,</span> <span class='ocrx_word' id='word_1_277' title='bbox 641 3853 721 3914; x_wconf 81' lang='grc'><strong>171.</strong></span> <span class='ocrx_word' id='word_1_278' title='bbox 757 3839 938 3920; x_wconf 73' lang='lat' dir='ltr'>Stephanus</span> <span class='ocrx_word' id='word_1_279' title='bbox 960 3828 1004 3902; x_wconf 83' lang='lat' dir='ltr'>cc.</span> <span class='ocrx_word' id='word_1_280' title='bbox 1029 3843 1062 3902; x_wconf 92' lang='lat' dir='ltr'>ll.</span> <span class='ocrx_word' id='word_1_281' title='bbox 1093 3856 1131 3907; x_wconf 86' lang='lat' dir='ltr'>et</span> 
     </span>
     <span class='ocr_line' id='line_1_34' title="bbox 87 3924 1138 4031; baseline -0.003 -22"><span class='ocrx_word' id='word_1_282' title='bbox 87 3944 146 4010; x_wconf 85' lang='lat' dir='ltr'>tub</span> <span class='ocrx_word' id='word_1_283' title='bbox 165 3964 200 4009; x_wconf 83' lang='lat' dir='ltr'><strong>v.</strong></span> <span class='ocrx_word' id='word_1_284' title='bbox 222 3937 434 4031; x_wconf 64' lang='lat' dir='ltr'>Xegigio&#39;onom.</span> <span class='ocrx_word' id='word_1_285' title='bbox 469 3940 574 4003; x_wconf 82' lang='lat' dir='ltr'>tabula</span> <span class='ocrx_word' id='word_1_286' title='bbox 597 3941 781 4025; x_wconf 81' lang='lat' dir='ltr'>Peutioger.</span> <span class='ocrx_word' id='word_1_287' title='bbox 800 3940 888 4003; x_wconf 86' lang='lat' dir='ltr'><strong>v111.</strong></span> <span class='ocrx_word' id='word_1_288' title='bbox 910 3942 950 4002; x_wconf 83' lang='lat' dir='ltr'><strong>D.</strong></span> <span class='ocrx_word' id='word_1_289' title='bbox 985 3955 1017 4005; x_wconf 87' lang='lat' dir='ltr'>et</span> <span class='ocrx_word' id='word_1_290' title='bbox 1039 3924 1138 4024; x_wconf 78' lang='lat' dir='ltr'>qnod&#39;</span> 
     </span>
     <span class='ocr_line' id='line_1_35' title="bbox 86 4042 1129 4127; baseline -0.008 -15"><span class='ocrx_word' id='word_1_291' title='bbox 86 4049 239 4112; x_wconf 83' lang='lat' dir='ltr'>evincere</span> <span class='ocrx_word' id='word_1_292' title='bbox 254 4045 401 4106; x_wconf 86' lang='lat' dir='ltr'>videatur</span> <span class='ocrx_word' id='word_1_293' title='bbox 415 4056 509 4104; x_wconf 83' lang='lat' dir='ltr'>vetuo</span> <span class='ocrx_word' id='word_1_294' title='bbox 523 4053 772 4104; x_wconf 85' lang='lat' dir='ltr'>monumentum</span> <span class='ocrx_word' id='word_1_295' title='bbox 788 4042 1007 4122; x_wconf 78' lang='lat' dir='ltr'>apud&#39;lieinel.</span> <span class='ocrx_word' id='word_1_296' title='bbox 1019 4058 1052 4123; x_wconf 80' lang='grc'>3,</span> <span class='ocrx_word' id='word_1_297' title='bbox 1067 4055 1129 4127; x_wconf 66' lang='lat' dir='ltr'>aa.</span> 
     </span>
    </p>
   </div>
   <div class='ocr_carea' id='block_1_10' title="bbox 85 4141 1135 4309">
    <p class='ocr_par' dir='ltr' id='par_1_10' title="bbox 85 4141 1135 4309">
     <span class='ocr_line' id='line_1_36' title="bbox 85 4141 1135 4230; baseline -0.003 -16"><span class='ocrx_word' id='word_1_298' title='bbox 85 4152 142 4215; x_wconf 85' lang='lat' dir='ltr'>De</span> <span class='ocrx_word' id='word_1_299' title='bbox 162 4160 299 4230; x_wconf 83' lang='lat' dir='ltr'>utroque</span> <span class='ocrx_word' id='word_1_300' title='bbox 320 4163 457 4209; x_wconf 88' lang='lat' dir='ltr'>numero</span> <span class='ocrx_word' id='word_1_301' title='bbox 478 4155 513 4206; x_wconf 90' lang='lat' dir='ltr'>et</span> <span class='ocrx_word' id='word_1_302' title='bbox 531 4150 648 4230; x_wconf 76' lang='lat' dir='ltr'>genere</span> <span class='ocrx_word' id='word_1_303' title='bbox 667 4141 799 4205; x_wconf 88' lang='lat' dir='ltr'>monuit</span> <span class='ocrx_word' id='word_1_304' title='bbox 818 4143 916 4209; x_wconf 87' lang='lat' dir='ltr'>etiam</span> <span class='ocrx_word' id='word_1_305' title='bbox 931 4145 1135 4230; x_wconf 61' lang='lat' dir='ltr'>Stephanum.</span> 
     </span>
     <span class='ocr_line' id='line_1_37' title="bbox 714 4240 794 4309; baseline 0.025 -2"><span class='ocrx_word' id='word_1_306' title='bbox 714 4240 743 4307; x_wconf 87' lang='grc'>0</span> <span class='ocrx_word' id='word_1_307' title='bbox 772 4257 794 4309; x_wconf 81' lang='lat' dir='ltr'>a</span> 
     </span>
    </p>
   </div>
   <div class='ocr_carea' id='block_1_11' title="bbox 410 4418 544 4440">
    <p class='ocr_par' dir='ltr' id='par_1_11' title="bbox 410 4418 544 4440">
     <span class='ocr_line' id='line_1_38' title="bbox 410 4418 544 4440; baseline 0 0"><span class='ocrx_word' id='word_1_308' title='bbox 410 4418 544 4440; x_wconf 63' lang='lat' dir='ltr'><strong>..n-</strong></span> 
     </span>
    </p>
   </div>
   <div class='ocr_carea' id='block_1_12' title="bbox 0 0 1330 4716">
    <p class='ocr_par' dir='ltr' id='par_1_12' title="bbox 0 0 1330 4716">
     <span class='ocr_line' id='line_1_39' title="bbox 0 0 1330 4716; baseline 0 0"><span class='ocrx_word' id='word_1_309' title='bbox 0 0 1330 4716; x_wconf 95' lang='lat' dir='ltr'> </span> 
     </span>
    </p>
   </div>
  </div>
 </body>
</html>
