2634 4716
209 440 276 510 250
377 380 639 491 ¹'noran
680 425 985 487 extorruerit
1115 462 1120 469 .

215 600 271 671 sic
287 596 403 665 Vibius
421 603 590 689 sequester
606 618 645 687 p.
662 614 719 682 35.
743 601 883 667 Mauros
897 598 1021 685 Libyae
1043 592 1140 672 iaeit3
1174 611 1257 662 tem·

212 710 307 793 plum
330 701 420 766 Iovio
450 701 646 766 Hammonis
673 700 739 768 illio
772 701 890 767 tribuit
914 706 1039 799 Lucan.
1062 718 1097 780 9,
1123 711 1198 778 514
1213 698 1258 785 sq.

215 821 420 892 repugnante
435 807 596 868 Strabone
620 820 673 880 17.
694 826 726 890 p.
745 818 827 884 577.
840 805 861 867 l.
873 815 956 882 838.
983 800 1042 890 qni
1053 804 1141 864 ultra
1157 801 1258 864 Gara·

192 898 195 907 ¹
215 925 343 972 mantas
367 907 409 969 ad
430 905 594 969 orientem
618 904 837 969 Marmaridas
859 903 944 968 illud
964 901 1137 988 adtingere
1161 899 1259 962 adfir-

216 1025 303 1080 mat,
339 1011 381 1071 fic
403 1023 451 1070 ur¹
466 1008 550 1070 adeo
575 1005 662 1071 iuter
686 1005 761 1071 illoo
785 1004 918 1070 interfit.
977 1004 1080 1092 Quod
1099 999 1260 1086 Virgiliut

217 1113 298 1176 Aen.
317 1112 351 1181 6,
374 1122 458 1188 795·
491 1130 568 1171 cum
591 1107 681 1170 ludio
703 1106 895 1194 coniungit,
930 1102 1125 1170 notareille
1149 1100 1261 1166 voluit

217 1226 365 1275 remotos
386 1208 555 1295 utrimque
574 1212 734 1295 populor,
768 1230 869 1296 quare
887 1205 992 1271 eriam
1015 1209 1128 1291 Eclog.
1145 1215 1179 1283 8,
1197 1215 1259 1285 44.

219 1326 382 1389 επιιτηιοεΙ
403 1304 510 1375 vocat]
562 1310 612 1375 Ad
643 1313 738 1374 suum
769 1310 1024 1374 diiudicandum
1049 1305 1142 1382 facit,
1160 1306 1261 1368 valiis

223 1414 457 1478 Garamantica
478 1410 660 1476 Ptolemaei
674 1386 709 1493 li,
727 1415 760 1477 6.
785 1414 825 1474 ad
841 1410 982 1475 fluvium
999 1411 1072 1481 Gir,
1098 1428 1200 1495 quam
1218 1406 1262 1469 ad

135 1576 137 1581 ,
218 1510 349 1576 radices
379 1510 531 1576 montani
554 1529 677 1577 tractus
707 1513 799 1598 Dyre
823 1529 856 1577 et
880 1512 991 1596 Tegla.
1024 1509 1084 1573 nbi
1107 1506 1263 1572 habitant

206 1611 336 1701 ,populi
362 1612 471 1677 Gabar
493 1630 527 1676 et
549 1613 681 1687 Nubat,
716 1582 998 1701 quaesivihruce
1015 1616 1085 1676 Vol.
1105 1631 1136 1674 e.
1157 1632 1189 1696 p.
1214 1631 1260 1672 m.

222 1726 305 1795 555.
332 1716 477 1778 Lalande
500 1712 536 1777 in
551 1713 730 1779 Memoireo
754 1717 805 1777 sur
828 1711 1017 1778 l'interieur
1034 1716 1075 1776 ‹le
1097 1709 1262 1799 l'Airiqne

178 1892 183 1899 Ι
219 1834 325 1902 prope
338 1817 476 1878 Bournu
485 1837 518 1900 p.
533 1817 629 1902 resq.
656 1814 764 1902 quiin
780 1817 816 1879 fl.
832 1818 890 1880 Gir
904 1814 1040 1901 agnovit
1055 1818 1088 1878 h.
1104 1817 1136 1877 le
1152 1814 1262 1876 fleuve

221 1917 263 1980 de
278 1917 437 1980 Gazelleo.
469 1914 618 1989 Accedit,
645 1917 736 2004 quod
755 1915 951 2002 primarium
966 1936 1082 1980 eorum
1097 1913 1262 2001 oppidum

222 2005 396 2100 (caput-in
416 2014 527 2082 Plinio
543 2032 578 2097 5,
599 2030 632 2096 5.
660 2034 693 2081 et
715 2016 830 2081 Solino
853 2038 881 2081 o.
900 2034 957 2096 32.
975 2018 995 2081 l.
1014 2021 1091 2101 29.)
1117 2018 1262 2080 Garama

220 2140 290 2182 non
305 2121 425 2202 procul
442 2140 460 2182 a
476 2114 624 2183 fontibus
640 2118 802 2205 Cinyphio
824 2112 922 2205 ponit
939 2122 1149 2183 Ptolemaeus
1166 2128 1203 2197 4,
1226 2119 1259 2182 6.

134 2302 137 2307 Ι
219 2217 365 2285 Edrilius
382 2217 419 2282 in
434 2218 544 2284 Africa
560 2243 593 2307 p.
616 2237 695 2299 137.
712 2222 765 2284 ed.
779 2218 994 2294 Hartmanni,
1021 2217 1057 2282 in
1079 2236 1165 2283 terra
1186 2222 1261 2283 1⁷02·

220 2344 292 2386 zan.
332 2320 547 2385 Recentiorer
570 2319 671 2407 igitur
692 2320 880 2407 Geograpbi
899 2324 1137 2389 Garamantum
1151 2321 1261 2383 sedem

221 2422 367 2486 statuunt
385 2421 528 2484 maxime
547 2420 583 2485 in
603 2421 800 2508 regionibus
822 2425 962 2504 Fezzan,
987 2424 1170 2495 'Garldemm
1194 2424 1266 2485 vel·

221 2521 273 2586 uti
289 2521 480 2585 Harduiuue
499 2524 541 2584 acl
553 2523 640 2587 Plio.
657 2546 685 2588 c.
703 2526 724 2587 l.
751 2526 856 2588 Shaw
869 2526 910 2587 T.
927 2549 955 2588 1.
972 2547 1004 2609 p.
1019 2541 1101 2601 170.
1124 2521 1263 2611 aliique,

223 2634 307 2710 quos
323 2623 435 2685 laudat
451 2626 634 2686 Hartmauu
651 2626 692 2688 ad
710 2624 872 2688 Edrilium
893 2646 926 2709 p.
949 2637 1028 2705 158.
1062 2626 1104 2688 Η.
1125 2625 1263 2689 German

224 2724 246 2786 l.
266 2725 398 2789 Jerrnalr
415 2721 572 2808 primaria
591 2728 668 2786 urbs
692 2724 785 2810 regni
807 2729 939 2789 Fezzan
959 2743 1094 2811 putatur
1118 2726 1263 2790 Garama

224 2840 385 2890 veterum.
413 2827 627 2888 Hornemaou
640 2841 737 2890 vocat
755 2828 878 2893 Yerma.
905 2824 977 2891 Vid.
992 2825 1033 2891 ei.
1049 2825 1143 2891 Reise
1158 2849 1191 2912 p.
1202 2829 1261 2903 76.

143 2932 149 2941 '
224 2940 259 2988 et
278 2945 362 3010 quae
385 2941 542 2989 notantur
564 2948 596 3009 p.
618 2938 696 3004 187.
736 2929 836 3012 Quod
854 2926 989 3013 quidem
1007 2926 1044 2991 in
1060 2925 1264 2991 hioetsrmi·

129 3059 135 3070 ·
224 3024 312 3089 libus
334 3025 468 3111 populis
489 3029 578 3090 valet
595 3028 635 3088 de
656 3025 713 3090 illo
731 3044 898 3113 tempore,
924 3050 991 3116 quo
1010 3027 1132 3093 exculti
1156 3026 1264 3114 magia

150 3182 152 3186 ,
225 3143 260 3192 et
284 3126 412 3193 stabiles
435 3128 579 3192 luerunt.
632 3131 758 3214 Regem
779 3128 913 3194 illorum
933 3147 1097 3195 memorat
1119 3129 1207 3193 Prin.
1227 3142 1263 3220 8,

226 3232 285 3295 61.
312 3229 333 3290 s.
356 3240 415 3309 40.
448 3231 632 3295 bellacum
654 3230 812 3295 Romanis
834 3232 918 3316 gella
943 3235 1071 3316 plures,
1103 3248 1139 3296 et
1160 3233 1264 3297 Corn.

223 3327 319 3395 Balbi
351 3328 559 3416 triumphum
588 3329 624 3395 in
649 3314 765 3417 primis
791 3331 877 3396 Plin.
897 3346 931 3411 5,
952 3347 986 3412 5.
1038 3336 1090 3395 De
1112 3330 1266 3398 moribus

223 3447 353 3516 praeter
374 3453 423 3504 ea,
450 3441 534 3518 qube
550 3433 656 3497 noller
675 3432 831 3507 adnectit,
858 3433 997 3500 Tacitus
1014 3433 1093 3498 Hill.
1108 3446 1145 3517 4,,
1163 3448 1223 3514 5⁰·
1240 3436 1264 3500 f.

225 3545 350 3614 gentem
384 3533 574 3596 indomitam
606 3547 722 3608 vocat,
762 3550 794 3597 et
819 3538 902 3599 inter
934 3538 1060 3601 accolas
1084 3537 1266 3601 latrociniis

145 3636 148 3643 ‘
218 3624 420 3725 secundom
451 3632 597 3697 Avienus
612 3657 643 3698 v.
663 3647 745 3717 324.
770 3650 889 3709 truces,
920 3640 1058 3719 pertrices
1079 3637 1214 3717 pedibus
1232 3651 1265 3703 ot

226 3734 395 3795 arundinis
411 3726 468 3826 usu
484 3736 610 3801 nobiles.
646 3735 715 3823 Qui
730 3740 824 3823 plura
840 3735 943 3823 eupit,
967 3739 1115 3803 consulat
1130 3739 1265 3803 Aldrete

227 3829 463 3917 ontiguedades
482 3837 522 3898 de
536 3838 652 3921 Espan.
670 3853 703 3914 3,
724 3853 779 3915 23.
796 3859 828 3922 p.
846 3851 915 3918 421
936 3839 978 3926 sq.
1005 3841 1144 3925 Allgem.
1160 3843 1264 3905 Welt·

227 3926 341 3999 Gelcb.
356 3937 425 3997 Vol.
449 3938 502 4004 26.
523 3934 645 4025 p.'227
663 3938 708 4029 tq.
734 3937 858 4005 eteius
878 3939 1047 4029 epitomen
1065 3942 1106 4009 T.
1123 3955 1157 4024 5.
1175 3944 1212 4010 Ρ.
1231 3962 1262 4008 r.

223 4058 258 4124 r·
281 4036 431 4126 ussit·
495 4141 497 4144 ⁸
542 4130 548 4155 ι
