2634 4716
254 421 307 479 tu
336 420 473 477 rotae.
503 416 611 475 ιιιιιι
652 417 733 479 ι..ι.
775 413 937 481 extu.
978 424 1057 493 ιι.
1119 436 1184 506 513

137 595 189 658 Ex
209 593 260 655 his
278 594 424 678 sdparet,
457 609 552 673 quam
573 591 636 653 late
657 592 736 653 olim
754 597 893 675 patuerit
911 597 1035 668 Aeolis,
1062 602 1182 686 quippe

136 716 218 779 quae
239 699 335 757 etiam
357 695 482 756 Troada
501 706 534 755 et
558 692 691 771 Mysiam
713 692 759 772 sit·
775 698 949 777 complexa.
1007 702 1113 782 Atque
1139 724 1181 769 eo

139 797 231 861 sensu
264 796 362 857 sumit
391 793 490 867 Mela,
499 848 502 853 .
532 797 748 876 terminosque
779 795 903 871 sistitis,
922 798 1065 881 -secutus
1096 803 1181 871 forte

136 900 325 979 Ephorum,
357 898 411 979 qui
434 897 509 958 telle
531 896 687 958 Strabone
708 910 760 971 ιδ.
785 916 856 981 pag.
872 909 960 978 dos.
985 902 1006 965 Γ.
1029 916 1113 981 583.
1137 910 1179 970 nh

139 1002 257 1080 Abydo
287 1002 325 1060 ed
359 999 488 1078 Cymen
525 1015 626 1078 usque
658 998 789 1059 Aeolide
824 996 980 1065 etltendit.
1045 1008 1178 1090 Proprl'e

134 1116 267 1172 eutem,
295 1114 337 1161 ιιι
358 1099 471 1161 diserte
491 1096 591 1161 refert
609 1097 809 1161 Pausanias
789 1134 823 1176 ο
812 1118 873 1168 ’.ιι
891 1104 934 1163 Γιι.
958 1104 1076 1170 deluo
1097 1124 1179 1172 tem·

137 1223 234 1287 pore,
262 1203 397 1265 Aeolis'
388 1215 472 1263 mter
491 1201 613 1262 lonium
631 1213 663 1261 et
681 1198 789 1280 Mysos
803 1204 948 1265 concluse
965 1206 1036 1269 fuit.
1077 1212 1120 1270 Et
1137 1197 1181 1275 sie

136 1305 336 1387 Scylaxpmtg
349 1295 410 1381 36.
428 1299 527 1364 Huds.
550 1301 618 1384 post
634 1304 759 1364 Troade
780 1306 873 1384 ponit
896 1308 1058 1382 Aeoliam
1090 1328 1122 1372 at
1142 1317 1178 1375 in
1282 1293 1285 1297 ι

137 1405 223 1488 sequ.
240 1402 353 1466 miscet
370 1418 403 1466 et
423 1376 540 1483 Lydiae
562 1404 694 1484 antiquo
716 1401 802 1464 sensu
825 1406 986 1489 plerasque
1009 1413 1103 1474 urbes
1124 1415 1176 1474 ad·

136 1506 252 1569 scribit.
306 1507 512 1568 Ptolemaeus
538 1506 724 1582 Graecus5,
754 1520 786 1569 s.
815 1500 946 1570 heolids
981 1511 1020 1571 sic
1049 1513 1088 1574 ab
1118 1516 1178 1578 hac

127 1625 224 1693 parte
241 1607 395 1678 describit,
419 1618 456 1668 ut
471 1607 627 1670 terminos
642 1607 752 1668 sinuat
767 1607 897 1670 Caeuen
916 1618 1177 1691 promontorium

135 1725 171 1774 et
187 1712 345 1773 Hermum
358 1711 439 1772 ultra
455 1708 642 1772 Phocaeam.
673 1708 716 1770 H.
730 1729 801 1793 pars
822 1714 1005 1792 provinciae
1021 1714 1175 1781 Arradolr'.

206 1902 365 2000 facta)
416 1908 607 1980 Nominatt,
630 1921 667 1971 ut
685 1923 717 1978 Ω,
736 1930 766 1981 1,
782 1919 815 1985 8.
840 1911 969 1985 deiudei
995 1916 1089 1979 aliter
1106 1940 1178 1983 eum
1242 1924 1259 1979 .'

135 2011 366 2100 (Danubium)
389 2009 624 2092 adpellentibus
645 2011 764 2082 irtcolt's,
781 2009 830 2098 stt
850 2011 941 2102 Ister.

91 2232 94 2236 ·
214 2204 384 2306 Mysia)
433 2207 632 2279 Gr.bluolc.
676 2207 809 2290 Dionys.
827 2231 859 2273 v.
876 2220 957 2290 805.
978 2210 1085 2293 ΜυσΓς
1103 2210 1175 2285 ase.

141 2317 271 2396 Mysiae,
297 2316 464 2399 Pbrygiae,
491 2313 659 2395 bithyniae
680 2329 712 2375 et
736 2315 913 2375 viclnrrum
929 2319 1097 2400 regionum
1116 2336 1178 2384 ter·

137 2419 223 2482 mini
240 2421 336 2479 etiarn
357 2417 529 2496 antiquitus
545 2416 585 2476 [ic
599 2415 715 2475 turbati
731 2411 915 2496 confusique
928 2432 1026 2489 ειιιιῑ,
1053 2435 1090 2480 ιιι
1110 2423 1178 2504 ipse

137 2521 251 2584 Strabo
270 2536 323 2582 ιι.
340 2539 371 2601 p.
388 2528 471 2594 383.
480 2515 501 2577 Γ.
514 2515 596 2594 564.
613 2535 669 2577 eos
682 2513 811 2577 difficile
825 2518 977 2602 distingui
998 2521 1084 2603 pelle
1104 2544 1178 2605 pro·

138 2624 277 2686 utintiet.
315 2610 485 2702 Duplicem
501 2630 608 2679 tamen
627 2615 702 2678 facit
721 2633 774 2680 tu.
793 2638 824 2698 p.
838 2628 920 2697 393.
939 2617 1056 2698 [571.
1076 2640 1178 2686 sinant

128 2716 309 2800 'Bithynus
332 2723 488 2789 vicinam,
521 2720 650 2780 alteram
679 2720 756 2780 circa
779 2719 924 2782 Caicum.
976 2722 1179 2791 Ptolemaeos

141 2838 174 2902 5,
199 2841 232 2888 α.
251 2826 295 2884 Γιι.
320 2824 453 2884 minoris
475 2820 591 2899 Mysiae
613 2821 774 2889 meminit,
800 2821 834 2880 in
852 2839 912 2902 qur
927 2822 1093 2903 Cyzicum,
1119 2829 1180 2890 Ρ..

138 2929 230 2994 ιΓοιι.
264 2923 467 3006 Lampsacum
492 2923 601 3004 ponit,
635 2940 710 3003 quas
745 2922 838 2983 urbes
856 2923 947 2985 -hlela
966 2944 1037 3005 cap.
1059 2947 1114 3007 ιι).
1133 2928 1177 2990 sd

137 3027 325 3107 Bithyniam
353 3027 465 3086 reiicit.
517 3025 706 3105 Quaerere
731 3023 785 3083 hic
809 3023 894 3085 Mela
916 3025 950 3085 in
975 3028 1106 3088 Aeolide
1129 3049 1179 3089 re-

138 3128 262 3195 censet,
279 3146 416 3209 ,praeter
441 3124 607 3204 Abydum,
641 3145 693 3185 eas
720 3124 921 3185 Ptolemaeus
945 3129 1038 3206 pouit
1060 3146 1113 3188 aut
1142 3133 1177 3192 in

139 3228 367 3311 Hellesponto,
401 3240 455 3287 aut
485 3229 518 3286 iu
546 3226 684 3309 Phrygia
711 3227 839 3292 maiori,
873 3242 996 3305 praeter
1020 3230 1114 3289 dll'ou
1140 3234 1178 3295 tn

138 3331 265 3393 Troade
281 3328 302 3392 s.
317 3329 455 3410 Phrygia
470 3327 600 3388 minori.
633 3331 780 3409 Longum
799 3345 875 3387 vero
888 3324 940 3396 eft,
962 3329 1105 3393 conlecta
1121 3333 1175 3392 de·

138 3452 298 3515 promere.
326 3428 439 3492 Causas
454 3426 555 3489 adfert
568 3428 679 3489 Strabo
696 3442 750 3490 stt.
767 3420 798 3509 p.
810 3439 894 3505 539.
904 3427 925 3490 s.
937 3428 1019 3506 565»
1049 3432 1176 3513 Nempe

136 3525 284 3617 Phryges
299 3533 377 3594 olim
392 3529 446 3591 isla
464 3542 699 3610 occupaverunt
715 3529 791 3598 loce,
816 3526 895 3606 ttyu
909 3531 978 3612 poll
992 3533 1106 3594 Troiae
1123 3555 1178 3595 ex·

138 3637 280 3705 cittium,
295 3660 299 3669 ·
315 3635 432 3697 deinde
455 3631 536 3707 Lydi
558 3629 626 3710 poll
648 3628 814 3693 deolenses
836 3644 869 3690 et
888 3641 913 3708 4
933 3632 1086 3695 aetatibus
1108 3634 1178 3716 poss

140 3734 190 3821 (ι’.
207 3736 261 3797 lib.
280 3731 411 3814 13.iu.)
433 3733 539 3799 louet,
565 3730 682 3812 quibua
701 3732 816 3792 deiude
836 3728 1040 3793 successerunt
1055 3731 1177 3807 Persae,
1235 3770 1237 3775 ⁴

139 3839 352 3907 Macedones,
384 3833 541 3901 Romani,
573 3851 712 3913 qumurn
736 3835 855 3913 priores
880 3837 1052 3895 nominum
1077 3839 1179 3902 crient

139 3941 354 4003 mutationem
378 3936 571 3997 adtulerunt.
620 3932 688 3994 Nec
709 3935 810 4016 magis
827 3948 914 3994 certa
939 3930 1064 3999 suntet
1087 3958 1178 4000 corn·

138 4041 287 4127 probata,
331 4047 409 4119 quie
446 4038 485 4098 de
518 4026 625 4117 priscis
660 4031 824 4114 Mylomm
863 4033 986 4097 sedibus
1021 4039 1179 4101 adventu·

139 4163 203 4228 que
230 4145 264 4202 in
290 4138 369 4201 haec
392 4138 460 4203 lota
484 4135 660 4202 traduntur.
699 4139 729 4205 Δ
753 4134 888 4202 Curibus
911 4134 1072 4222 originem
1095 4142 1176 4206 otim

192 4260 287 4337 Pomp,
303 4255 395 4317 Mela·
417 4254 532 4327 suaset.
545 4246 625 4315 sas»
859 4231 926 4300 ΚΓ

262 4378 273 4411 Γ
