2634 4716
209 392 252 459 2⁴
478 380 641 441 Rom
679 376 986 437 txncttrtctr.

213 558 302 620 unde
324 556 479 637 inciperet
510 558 693 625 decurrere.
729 574 825 634 qnam
852 553 964 635 potins
989 569 1006 609 a
1031 547 1188 615 termino,
1223 547 1262 606 itt

214 680 313 743 quent
331 660 445 719 delinit
462 657 649 719 adscensus?
689 655 871 717 Naturalitta
891 653 978 713 enim
995 666 1058 709 erat
1082 647 1265 707 describere

217 763 258 823 ab
272 780 324 831 eo,
347 762 435 841 qnod
456 763 545 821 fieret
560 774 634 819 ante
654 760 834 823 meridiem.
859 774 955 835 qnaur
972 752 1057 831 qnod
1077 749 1144 830 post
1166 750 1268 807 meri·

219 864 319 925 tliem.
370 864 460 922 'l'um
483 859 585 919 rerbo
606 859 766 919 decurrere
787 860 890 916 utitur
913 873 1025 914 auctor
1046 853 1086 911 de
1103 848 1181 910 Nilo
1204 845 1267 935 [r.

223 984 281 1045 ¹9·
304 958 361 1049 2]
387 976 420 1021 et
440 962 550 1028 Caico,
573 954 631 1043 [t.
658 972 714 1036 13,
743 954 795 1042 t.]
820 971 854 1021 ct
876 958 1026 1021 Himera.
1056 946 1110 1037 [2.
1129 967 1162 1017 ’1,
1185 944 1268 1036 ιτ]

216 1082 253 1129 et
276 1066 385 1131 Baeti.
416 1056 470 1145 [3.
499 1082 529 1128 t.
554 1057 609 1147 5.]
643 1082 709 1121 non
733 1074 799 1121 tam
821 1072 858 1118 ut
880 1054 1062 1117 descensum
1084 1068 1117 1113 et
1140 1050 1269 1132 lapsum
1296 1092 1301 1099 -

218 1186 335 1229 eornm
358 1176 467 1229 notet.
492 1182 587 1242 quum
611 1161 766 1243 spatium,
795 1182 851 1242 per
881 1158 967 1239 quod
995 1170 1093 1239 agunt
1121 1155 1268 1215 alveum.

220 1269 335 1349 Quum
357 1264 512 1324 Manilius
534 1263 637 1324 scribit
663 1264 720 1325 lib.
742 1282 774 1325 ι.
796 1260 853 1347 [r.
871 1254 977 1346 512]
1001 1261 1042 1318 de
1064 1255 1204 1316 Orione:
1233 1266 1269 1314 ec

223 1380 298 1427 toto
321 1360 483 1449 [Bentlei.
499 1377 531 1424 et
551 1358 661 1448 notio]
684 1355 812 1453 seraper
831 1361 990 1421 deertrrere
1011 1357 1146 1425 mundo.
1171 1368 1270 1417 notat

222 1467 373 1547 Scaliger.
393 1464 541 1523 Orionem
552 1486 706 1543 occupare
717 1467 879 1543 utriusque
891 1452 1115 1551 hemisphaerii
1128 1478 1269 1536 magnas

223 1578 356 1647 parter,
386 1583 455 1625 non
478 1566 551 1644 quia
575 1564 722 1625 deorsum
754 1567 862 1626 currit.
914 1562 1061 1623 Omnino
1091 1561 1268 1620 meridiem

224 1680 322 1727 vocat
343 1664 423 1723 istud
447 1663 598 1745 spatium.
630 1668 716 1746 qnod
736 1680 769 1724 et
789 1668 824 1725 in
845 1662 993 1725 adscensu
1012 1676 1045 1720 et
1065 1664 1098 1719 in
1116 1658 1273 1722 descensu

226 1764 383 1826 accenseri
406 1762 483 1825 solet
507 1768 665 1828 meridiei.
718 1768 803 1827 lllud
830 1786 904 1825 cum
932 1766 1051 1847 peragit
1074 1761 1135 1829 sol,
1165 1760 1209 1821 ess
1233 1765 1272 1823 in

227 1868 383 1933 meridie.
415 1880 449 1924 et
469 1866 515 1924 ibi
539 1868 676 1927 decurrit
696 1887 765 1927 non
786 1868 891 1935 aliter,
919 1886 1015 1947 quum
1036 1864 1130 1924 milet
1148 1862 1273 1924 Roma·

228 1986 293 2026 nus
314 1966 348 2023 in
371 1968 596 2027 exercitatione
618 1968 795 2045 campestri.
827 1982 882 2026 ant
908 1966 1031 2026 sunere.
1084 1966 1273 2026 Courocari

228 2064 296 2125 buc
315 2064 451 2133 debent,
475 2086 555 2144 qnae
576 2066 678 2127 scribit
701 2068 807 2128 Festua
822 2069 994 2146 Pompeius
1017 2069 1051 2125 in
1069 2086 1150 2125 roce
1167 2064 1275 2157 nfit-

232 2184 326 2227 ettmc
363 2166 419 2226 sic
440 2170 538 2226 etiam
559 2191 597 2227 ea
618 2170 697 2229 coesi
715 2190 808 2246 porr,
839 2190 922 2250 qrtoe
933 2161 1005 2257 sose
1025 2165 1202 2255 illustratur
1222 2166 1274 2227 ud

233 2265 415 2333 clamem,
439 2270 550 2327 antico
569 2284 676 2351 utrque
693 2272 893 2341 nomiuotnr,·
916 2290 998 2349 qtme
1020 2268 1064 2326 ud
1077 2259 1274 2357 septentrio·

233 2386 304 2425 rtem
327 2366 370 2457 est
394 2366 537 2455 postico:
575 2362 754 2458 rursumque
778 2370 968 2428 dividuntur
991 2371 1026 2426 t'rt
1052 2368 1133 2427 duos
1157 2382 1276 2446 portes

236 2465 395 2525 Orientem
417 2480 449 2524 et
472 2466 684 2529 Occidentem.
732 2471 820 2529 Hinc
840 2472 936 2550 igitur
958 2481 992 2525 et
1016 2467 1054 2524 ab
1076 2484 1204 2531 anctore
1230 2473 1275 2534 ad

235 2565 440 2625 Herennium
455 2562 598 2623 scribitur
617 2568 674 2626 lib.
692 2579 726 2643 5.
742 2587 811 2646 cap.
829 2582 889 2627 22.
913 2565 993 2624 Solis
1009 2580 1136 2626 exortus
1150 2565 1273 2661 rursm,

237 2654 385 2750 occursus
409 2682 499 2720 nemo
522 2662 713 2723 admiratur.
757 2684 780 2724 r.
807 2683 1012 2722 Gnosovtvs.
1071 2666 1170 2730 llliror
1194 2674 1276 2735 Vos.

238 2763 332 2824 liunt.
360 2788 402 2801 -
438 2759 507 2820 Nec
520 2763 609 2819 enim
625 2763 709 2822 Mela
727 2761 876 2842 spectat-it
893 2763 946 2821 hic
958 2764 1125 2845 quidquam
1141 2772 1275 2849 der-exi,

239 2876 295 2925 cut
309 2857 458 2921 deorsum
478 2858 576 2929 versi,
602 2859 654 2920 sed
673 2862 854 2941 simpliciter
871 2862 901 2918 id
919 2882 1037 2931 ttnnnt.
1061 2873 1143 2947 qnod
1166 2877 1276 2940 Euro-

237 2965 327 3046 pacit
345 2962 381 3019 in
405 2959 652 3039 septemtrionali
672 2961 760 3042 plaga
783 2960 996 3024 habitantibus
1019 2964 1060 3027 sol
1080 2971 1117 3028 ab
1138 2992 1210 3037 ortu
1229 2982 1277 3043 ad

241 3064 410 3127 Oceanum
425 3060 567 3119 decurrat
587 3058 707 3140 semper
726 3080 783 3139 per
798 3058 975 3123 bleridietn.
1027 3068 1194 3150 Quocirca
1214 3081 1275 3144 bic

240 3166 283 3226 de
295 3166 330 3225 in
344 3158 507 3220 decurrere
520 3158 601 3218 nibil
620 3160 704 3218 alind
722 3172 825 3225 notat,
848 3180 938 3238 qnam
952 3165 1072 3229 cursum
1088 3187 1119 3231 et
1134 3174 1276 3257 spatium
1301 3234 1304 3239 .

242 3264 335 3328 strum
350 3259 524 3327 absolvere.
548 3260 643 3339 plane
658 3277 695 3317 ut
713 3259 746 3316 in
767 3256 924 3329 debellare,
944 3263 1106 3331 decantare
1120 3291 1150 3335 et
1168 3275 1277 3370 desal.

242 3382 315 3430 tore
334 3361 508 3423 catttt't'tmt.
543 3360 597 3418 Sic
616 3358 744 3418 Plautus
760 3360 869 3421 Sticho
892 3383 920 3431 1,
939 3380 970 3433 2,
993 3380 1046 3446 ¹4·
1070 3371 1197 3468 decurso
1219 3406 1276 3444 ae.

241 3469 328 3531 totis
341 3455 467 3554 spatio.
518 3458 809 3531 Phaedr1103‚2o.
830 3460 875 3524 in.
900 3461 963 3559 Oui
976 3484 1071 3549 natue
1082 3491 1124 3535 Η
1142 3474 1274 3569 injwx’

243 3590 308 3632 nott
334 3568 438 3627 vitam
462 3556 557 3617 ruodo
582 3558 626 3615 tri
639 3570 701 3615 tem
725 3556 872 3623 deuenit.
921 3563 1004 3628 Hinc
1024 3571 1159 3665 denefin
1183 3606 1274 3648 curn-

242 3668 356 3765 pefiris
384 3660 442 3723 snb
468 3657 564 3719 ttrmiu
588 3656 672 3716 inter
695 3659 839 3719 exercitia
866 3663 1002 3727 militnm
1032 3676 1080 3733 rel
1103 3686 1273 3766 praecipua

157 3792 160 3797 -
244 3785 317 3836 ρης,
370 3766 425 3827 sic
446 3776 522 3843 ergo
543 3771 575 3817 ct
597 3755 651 3814 bic
668 3753 710 3814 sol
729 3761 915 3821 curriculum
933 3764 1019 3828 sunm
1035 3774 1168 3840 decurrit
1189 3808 1273 3866 qno.

244 3874 335 3942 tidie,
357 3885 419 3949 qna
432 3874 541 3922 autent
557 3869 645 3937 parte
660 3868 712 3913 ant
729 3859 779 3917 ria
800 3858 943 3931 decurrit.
967 3869 1005 3928 ab
1020 3894 1054 3933 en
1072 3896 1157 3957 parte
1174 3890 1273 3956 nobie

244 3976 289 4041 eli
315 3966 480 4033 Meridies.
516 3972 728 4019 eumenen-0.
786 3958 840 4018 Vir
864 3964 971 4029 doctu,
997 3972 1029 4032 in
1053 3980 1130 4043 edit.
1159 3989 1285 4059 ,ΜΗ

245 4069 461 4158 adscripseratt
501 4076 565 4142 qua
593 4051 754 4117 descendit
784 4058 823 4120 ab
851 4080 1012 4147 aequatore
1040 4077 1078 4137 211
1109 4060 1272 4168 „opidum
