2634 4716
213 363 277 445 με
455 360 646 429 'rorte
684 369 990 431 unnenrrctn
1028 402 1032 412 -
1108 436 1111 441 ,

215 543 319 617 dunt,
347 539 527 630 inquibus
550 540 701 629 Hyginus
722 543 787 606 sab.
811 546 870 625 64.
903 559 937 608 et
960 540 1106 630 in'poet.
1128 543 1255 609 Astron.

209 664 251 719 e,
271 664 306 725 9.
338 644 530 728 Apollodor.
551 666 582 721 o,
599 663 632 724 3,
648 656 684 727 4.
712 646 873 710 Eratosth.
889 643 925 708 in
940 647 1092 711 cettster.
1108 664 1180 729 cap.
1198 647 1254 709 16.

213 762 249 810 et
269 762 322 822 17.
348 760 381 808 et
402 749 522 829 pluree.
576 745 739 831 Quidam,
766 763 883 831 poetae
906 745 1132 831 maxime-pi
1161 749 1256 809 ricem

211 845 307 911 luisse
328 850 463 920 volunt,
498 864 536 912 ut
556 847 675 912 Cicero
705 845 742 911 in
767 846 894 911 Arateis
915 872 947 912 v.
965 860 1050 930 413.
1078 850 1154 924 (etsi
1175 849 1253 911 Are·

212 964 268 1015 tue
287 946 355 1032 ipse
373 949 471 1034 κῆτος
489 951 610 1030 habet)
644 946 861 1014 Gennanicue
876 973 907 1012 v.
926 961 1010 1030 554.
1043 946 1095 1013 Cs.
1110 945 1254 1011 Hardui·

129 1078 133 1085 ’
210 1071 276 1115 nus
292 1050 334 1112 ad
349 1047 434 1113 Plin.
449 1069 483 1130 9,
501 1063 536 1132 4.
555 1051 576 1113 [.
592 1065 625 1129 5.
640 1052 804 1124 ¹etBuhle
821 1050 864 1114 ad
876 1048 1062 1115 Germanic.
1077 1070 1106 1113 c.
1123 1053 1146 1114 l.
1183 1048 1255 1136 lpse

130 1160 133 1175 '
210 1148 343 1218 Plinius
362 1170 397 1230 9,
418 1151 492 1230 4.s.
511 1168 544 1230 3.
579 1173 657 1216 cum
683 1153 820 1215 balaena
849 1149 1033 1215 maximum
1066 1149 1254 1217 animalia

210 1250 329 1316 Iudico
351 1248 518 1315 mari'elle
533 1252 694 1325 adfirmat,
722 1257 778 1316 etsi
795 1252 862 1325 hic,
885 1269 924 1317 ut
938 1251 973 1316 in
991 1250 1157 1338 anguillis,
1183 1272 1253 1315 mo·

211 1354 294 1416 dum
309 1348 457 1431 excedit,
483 1351 597 1419 iudice
616 1352 758 1419 Bloehio
773 1352 810 1417 in
825 1354 1073 1418 Natur·Gesch.
1096 1353 1155 1416 der
1180 1374 1254 1416 aus·

210 1452 404 1519 lt'ndilchen
423 1453 537 1544 Fische
556 1458 594 1519 P.
616 1479 645 1520 1.
666 1478 698 1539 p.
713 1468 774 1536 41.
829 1454 895 1520 Sed
909 1457 1024 1519 eadem
1036 1453 1179 1521 varietas
1193 1475 1254 1517 no·

209 1572 300 1621 tatur
315 1554 352 1618 in
368 1553 462 1619 fimili
478 1559 633 1619 Helronee
647 1557 734 1639 sato,
760 1577 860 1644 quem
875 1572 948 1621 ceto
964 1560 1141 1645 expositam
1157 1553 1254 1619 fuisse

210 1654 313 1721 tradit
342 1653 492 1741 Hyginus
519 1658 584 1721 fab.
608 1673 667 1735 31.
690 1673 723 1720 et
745 1669 803 1740 89.
837 1678 897 1742 pro
922 1678 988 1745 quo
1014 1655 1129 1742 pislrin
1151 1659 1253 1722 habet

208 1761 314 1835 valer.
331 1761 439 1822 Flacc.
459 1779 491 1841 e,
510 1772 594 1839 53¹·
646 1761 774 1844 Nempe
795 1759 929 1854 pssrix‚
959 1759 1068 1853 pssrss
1090 1775 1125 1822 et
1144 1758 1253 1854 pristis

207 1862 327 1925 eadem
347 1862 528 1933 habentur,
558 1876 597 1923 ut
620 1861 718 1925 docet
739 1863 885 1925 Gronov.
909 1862 1035 1924 observ.
1056 1886 1087 1934 r,
1111 1872 1167 1937 ¹8·
1196 1861 1252 1922 etsi

208 1962 305 2048 saepe
320 1960 356 2024 in
372 1958 466 2025 libris
486 1977 749 2035 commutantur,
775 1977 815 2025 ut
834 1959 871 2027 in
885 1960 997 2046 virgil.
1012 1966 1095 2029 Aen.
1113 1978 1147 2040 3,
1162 1972 1250 2041 427.

207 2062 262 2129 of.
279 2061 380 2127 etiam
394 2061 483 2131 Iunii
502 2061 669 2130 animadv.
688 2083 721 2136 n,
744 2080 797 2143 13·
820 2064 862 2131 de
877 2064 941 2130 hac
953 2083 1047 2130 voce.
1085 2065 1137 2126 De
1157 2061 1252 2130 varie

209 2162 283 2241 eius
303 2166 433 2249 {abulae
453 2163 676 2254 explicatione
694 2165 798 2252 supra.
890 2214 893 2218 -

285 2360 406 2462 ossa)
443 2369 662 2453 Longitudine
680 2369 795 2449 pedum
814 2381 876 2450 4ο.
898 2368 1073 2433 altitudine
1088 2367 1250 2463 costarum

208 2471 344 2538 Indicos
363 2471 550 2552 elephantos
570 2471 752 2544 excedente,
770 2462 890 2565 spinae
909 2466 1111 2561 eraffitudine
1123 2462 1249 2563 sesqui·

205 2573 333 2659 pedali,·
358 2569 404 2634 ita
419 2568 547 2633 Plinius
568 2590 602 2651 9,
616 2584 651 2650 5.
667 2571 688 2633 s.
702 2582 738 2653 4.
762 2589 798 2637 et
811 2592 852 2637 ex
866 2590 906 2638 eo
923 2592 1000 2638 cum
1014 2569 1173 2639 varietate
1190 2569 1247 2637 eli·

207 2695 273 2766 qua
290 2669 424 2739 Solinus
441 2692 512 2759 cap.
530 2686 588 2754 37.
604 2671 626 2735 s.
644 2683 703 2755 34„

602 2942 727 3011 cle.
764 2944 847 3009 XII.

420 3113 1011 3171 tuoutttcz.

345 3295 375 3376 fi.
409 3313 438 3354 ι.
487 3286 756 3370 Phoenicen)
798 3285 1023 3374 (indomitae.
1067 3288 1117 3350 An
1145 3291 1248 3353 Phoe·

206 3393 409 3461 nicieetiam
425 3413 442 3452 a
459 3387 587 3453 Latinio
603 3386 732 3453 dictum
748 3387 859 3463 suerit,
885 3389 927 3452 de
940 3409 980 3451 eo
997 3389 1039 3453 cs.
1056 3405 1154 3452 notae
1170 3390 1246 3458 crit.

204 3520 239 3584 p.
250 3515 334 3578 397.
361 3494 493 3556 Incolae
505 3489 702 3555 Phoenices.
729 3485 915 3575 Stepllanus
928 3492 962 3554 h.
976 3513 1007 3553 v.
1025 3491 1132 3553 adfert
1143 3491 1245 3557 etiam

206 3596 331 3683 gentile
353 3591 527 3669 Φοινίκιος,
555 3609 588 3656 ct
608 3594 649 3655 src
671 3593 760 3678 apud
783 3589 919 3655 Latinos
942 3590 1087 3654 occurrit
1110 3582 1246 3656 Phoeni·

205 3714 333 3764 censet
355 3697 559 3765 Phonrieius,
596 3694 688 3778 quod
712 3709 822 3757 tamen
849 3691 1027 3777 saepissime
1053 3694 1094 3755 ad
1120 3716 1245 3778 purpu-

203 3823 301 3866 reum
322 3800 470 3863 colorem
489 3796 654 3884 referunt,
688 3792 724 3859 in
741 3792 848 3879 poetis
869 3791 966 3859 metri
989 3794 1083 3860 causa
1104 3798 1245 3859 Phoeni·

206 3926 294 3971 cens,
328 3896 378 3961 uti
402 3890 575 3961 contendit
597 3894 747 3960 Heiutus
770 3898 811 3958 ad
829 3895 927 3960 Ovid.
947 3897 1058 3961 Amor.
1077 3910 1111 3971 3,
1130 3914 1163 3970 7,
1185 3917 1244 3978 29.

204 4007 341 4071 Metam,
357 4018 411 4071 ru,
434 4011 514 4078 104.
552 3993 728 4081 Reperitur
743 3993 845 4061 etiam
859 3998 971 4081 palssm
986 3991 1186 4087 Phoeniffies,
1212 4016 1246 4063 et

204 4105 242 4173 in
258 4098 372 4182 multie
388 4099 499 4195 uetuit
515 4100 734 4177 Φοινεικαιων,
758 4100 943 4169 serventur
958 4116 994 4167 et
1007 4101 1245 4199 Qorvtnenran,
