2634 4716
225 416 286 493 ιω
465 390 1062 497 'noran'uxaenrrcait
1165 412 1177 425 ”

205 572 207 577 Α
222 608 258 677 p.
277 602 362 670 571.
379 585 400 650 l.
418 598 505 669 830.
533 588 574 651 de
591 586 721 650 Libano
731 601 846 651 monte
861 588 1030 667 syncellus
1046 607 1081 672 p.
1091 586 1153 667 68.
1167 585 1190 651 l.
1210 594 1274 669 85.

223 706 259 756 et
284 710 367 775 quoe
392 703 553 753 memorat
577 691 740 754 llelandna
772 690 807 752 in
832 690 1003 758 Palaestina
1031 709 1061 763 t,
1083 700 1146 771 48.
1168 686 1194 755 f.
1231 692 1275 754 cle

221 794 381 859 Thellalia
395 793 530 856 Solinus
544 811 613 875 cap.
634 803 690 872 ¹5·
707 789 730 855 l.
746 808 781 874 9.
814 792 856 856 ‹le
871 792 939 856 aliia
956 791 1182 856 Eratosthene·
1204 778 1274 858 c.l.

222 910 257 960 et
271 898 325 978 qrai
342 896 381 957 ad
397 896 465 957 eina
480 875 655 979 fragmenta
671 914 704 978 p.
720 904 767 972 28
783 891 825 977 sq.
846 908 1071 957 memorantur
1084 915 1102 957 a
1117 894 1274 959 Soidelio.

221 990 274 1062 E'x
299 994 534 1059 recentioribus
557 995 598 1058 de
622 994 847 1083 Nuwogrodio
871 994 1041 1082 Magnicki
1066 992 1128 1076 (ci.
1150 997 1275 1060 Samm-

220 1100 314 1185 lung.
339 1117 399 1159 zur
415 1096 540 1177 Phynk
564 1128 616 1148 ·-
639 1098 681 1163 T.
708 1118 739 1163 a.
766 1097 805 1162 P.
832 1118 917 1181 r.1p.
941 1110 1002 1179 83.
1033 1096 1118 1181 Lipl.
1145 1100 1276 1179 1778.)

222 1204 264 1265 tle
281 1201 394 1262 Suecia
416 1198 493 1264 lulli
513 1200 548 1260 iu
569 1196 682 1262 Gelclr.
701 1200 757 1264 dea
777 1190 1199 1285 Erdkllrperap.'1981qq.
1233 1200 1275 1263 ‹le

111 1345 113 1349 -
221 1302 365 1367 Ukrania
391 1301 422 1362 le
446 1298 575 1364 Vaffeur
598 1302 633 1363 in
657 1298 897 1391 Belcltreibung
923 1303 979 1364 der
1001 1300 1129 1363 Krimm
1159 1322 1195 1387 p.
1218 1314 1275 1383 ¹3·

222 1404 265 1468 de
287 1402 459 1466 Germania
482 1402 662 1465 Preulchon
692 1404 727 1464 in
751 1400 992 1491 Denlrmaelrler
1013 1422 1079 1465 rou
1102 1401 1189 1466 alten
1211 1404 1276 1466 lle·

221 1506 417 1569 volutiouen
434 1504 468 1565 in
484 1503 701 1567 Deutlchland
724 1522 757 1587 p.
774 1513 801 1585 4
817 1501 880 1588 qu.
907 1519 940 1568 et
958 1510 1040 1589 q'uae
1057 1503 1117 1567 alia
1130 1504 1277 1593 conlegit

222 1608 441 1671 Hollmannua
457 1604 497 1667 ‹le
519 1624 694 1688 corporum
713 1606 912 1669 marinorum
932 1608 967 1668 ln
985 1620 1067 1669 terra
1083 1598 1276 1671 continente

130 1753 131 1757 =
223 1712 366 1793 origine,
394 1710 429 1768 in
450 1707 520 1768 eiua
540 1708 855 1771 commentationum
872 1706 992 1793 sylloge
1009 1709 1116 1773 altera.
1169 1708 1277 1771 Multa

220 1813 321 1874 etiarn
336 1810 435 1899 hodie
446 1810 490 1895 nin
506 1807 589 1870 hanc
610 1828 677 1871 rem
699 1809 885 1895 adtulerunt
901 1811 964 1871 viri
980 1809 1086 1881 docti,
1112 1823 1152 1872 ut
1168 1810 1289 1897 Pollu-1

221 1909 323 1975 wilclr
348 1913 389 1972 de
411 1911 508 1981 muri,
533 1908 750 1982 Woodward,
776 1908 978 1996 Bergmanu,
1004 1912 1046 1974 de
1064 1902 1207 1986 Ballou,
1232 1912 1274 2001 ale

168 2018 170 2022 ’
222 2012 303 2084 Luc,
325 2012 565 2075 Sclaeuchwrua
580 2011 707 2095 aliique,
730 2012 788 2093 qui
805 2011 845 2072 td
861 2012 1024 2075 dilnvium
1037 2011 1104 2077 fere
1118 2012 1274 2089 referunt,

221 2116 314 2182 attint
327 2114 562 2179 documentum
575 2096 737 2199 praedicat
752 2113 851 2176 etiam
867 2111 998 2179 Orostua
1019 2134 1049 2189 a,
1069 2129 1104 2197 3.
1135 2202 1143 2213 .
1270 2124 1274 2131 '

290 2309 426 2411 saxa
450 2316 682 2400 adtrita)
733 2316 819 2380 Sunt
837 2314 942 2390 exesa,
968 2310 1118 2384 excavata
1140 2338 1162 2385 a
1183 2319 1272 2415 marl.

220 2420 502 2507 quemadmodum
525 2417 658 2501 scopuli.
697 2418 812 2481 Graeci
833 2412 1008 2509 Χηραμοῦς
1031 2435 1065 2484 et
1083 2418 1274 2513 Χηραμίδας

222 2536 353 2589 vocant.
381 2540 526 2585 voeatva.
575 2515 758 2611 Χηραμίδες
773 2520 809 2582 in
829 2534 965 2604 utroque
983 2522 1149 2588 Strabonis
1162 2524 1248 2591 loco.

299 2724 365 2787 uti
382 2713 555 2816 solent)
604 2722 656 2787 Sc.
677 2721 738 2786 elle
755 2720 777 2789 l.
794 2723 879 2797 fieri,
905 2716 1095 2811 quae'laepe
1115 2724 1273 2793 omittunt

225 2841 384 2892 tuctorea.
442 2823 601 2888 Pollerina
631 2825 755 2887 'addidit
778 2825 947 2891 Boccatlna
969 2830 1009 2892 de
1030 2830 1174 2894 maribna
1197 2829 1220 2895 l.
1239 2850 1271 2894 r.

223 2926 451 3003 Numidicum,
483 2925 541 2986 ubi
563 2927 596 2989 h.
616 2927 637 2989 l.
660 2927 800 3009 repetiit.
853 2931 905 2992 Sic
926 2929 1070 2994 abloluta
1093 2946 1271 3017 ponuntur.

223 3023 399 3124 consueuit,
425 3025 540 3121 potest,
566 3028 663 3099 volui,
687 3028 744 3091 etfi
763 3026 836 3089 libri
852 3031 951 3095 inhia
972 3053 1040 3097 nun
1057 3032 1181 3118 semper
1200 3055 1272 3097 anu·

170 3145 172 3149 ’
226 3132 384 3201 sentiunt,
417 3144 451 3193 et
478 3130 532 3192 alli
554 3130 695 3202 addunt,
726 3130 781 3192 alii
807 3134 975 3201 omittunt.
1037 3137 1091 3200 sic
1114 3138 1166 3198 uei
1183 3127 1273 3229 solet

223 3238 356 3321 quidam
379 3232 465 3315 apud
487 3231 628 3295 Lactant.
654 3253 684 3305 t,
707 3242 761 3309 15,
780 3248 814 3298 2.
840 3234 896 3295 ubi
918 3236 988 3300 rial.
1009 3237 1215 3301 Bunemanu.
1239 3250 1271 3302 et

139 3378 142 3385 ·
223 3338 325 3403 Corte
346 3324 385 3396 a'd
406 3332 527 3396 Sallust.
550 3336 590 3397 de
613 3334 651 3396 B.
674 3332 768 3397 Catil.
788 3353 845 3416 29,
866 3352 899 3402 α.
934 3340 1005 3425 lug.
1029 3359 1055 3402 c.
1074 3352 1133 3418 25,
1152 3354 1188 3422 3.
1213 3340 1273 3411 ubi

224 3439 322 3500 multi
343 3437 467 3497 addunt
476 3431 562 3525 fieri.
597 3432 650 3501 Cf.
672 3434 799 3501 Cantor.
817 3437 856 3500 ad
872 3440 975 3504 Cicer.
992 3442 1031 3502 ad
1047 3438 1163 3506 divers.
1186 3460 1218 3514 t,
1238 3458 1270 3507 Ω.

225 3538 359 3603 Modina
380 3538 418 3597 ad
440 3536 532 3600 Curt.
549 3547 584 3616 4,
601 3551 634 3616 3,
652 3552 686 3615 7.
721 3537 889 3602 Burmann
909 3542 949 3604 ad
970 3542 1103 3608 Patron.
1124 3564 1193 3629 cap.
1208 3554 1270 3627 49.

226 3642 315 3703 idom
335 3652 369 3701 et
389 3637 513 3699 Eruelli
532 3640 570 3699 ad
593 3639 743 3702 Suetonii
768 3639 891 3706 Neron.
915 3663 942 3706 c.
969 3654 1028 3727 54.
1061 3645 1214 3710 Scheller.
1236 3648 1272 3710 lu

226 3742 398 3808 observatt.
413 3761 446 3821 p.
466 3753 548 3826 193.
561 3754 594 3802 et
611 3756 696 3804 ano.
738 3742 792 3805 sic
805 3739 883 3837 fieri
903 3744 972 3828 poll
988 3738 1154 3839 consueuit
1172 3746 1272 3813 deleti

226 3862 268 3909 ex
284 3861 352 3906 uno
368 3841 479 3904 codice
495 3842 587 3905 malit
602 3842 757 3906 Grutetua
771 3863 845 3906 cum
865 3844 979 3910 Cottio
994 3848 1078 3930 a'pud
1093 3848 1216 3915 Sallust.
1229 3850 1271 3915 tle

225 3946 266 4010 B.
282 3946 353 4011 Cat.
367 3963 394 4006 c.
414 3959 472 4013 22.
494 3960 524 4004 o.
554 3959 587 4006 et
605 3937 724 4039 efficere
737 3944 808 4030 pust
820 3946 910 4010 volni
931 3948 995 4013 nne
1010 3952 1120 4014 codice
1136 3952 1273 4015 Guiliel·

226 4049 311 4110 r'niua
327 4045 410 4129 apud
426 4044 573 4110 ciceron.
593 4047 628 4108 in
649 4047 751 4112 Bruto
766 4066 794 4110 a.
814 4060 847 4129 3.
879 4051 953 4133 qnia
974 4052 1049 4116 aliua
1067 4056 1220 4117 omittere
1235 4054 1273 4118 lu

227 4149 321 4214 unni
344 4166 432 4213 nexu
457 4144 564 4213 loten.
616 4147 714 4214 Certe
738 4146 938 4236 frequentina
954 4151 1278 4249 fiarbpraeoedaute·
