2634 4716
245 362 298 450 rr‘t
327 389 469 448 contr,
496 391 605 449 arar„
645 391 680 448 c.
701 392 725 446 1.
766 388 929 451 cxvm.
972 390 1066 460 ς...
1111 393 1179 487 '6¹9

133 576 171 624 nt
181 549 326 625 'omnino
339 562 378 624 rb
390 544 678 626 Amazonestrabo
692 580 746 627 ια.
762 585 794 649 p.
806 578 890 642 379.
902 561 921 625 l.
932 575 1017 641 550.
1040 560 1098 624 lib.
1116 566 1178 638 15.
1256 614 1259 619 .

129 685 163 746 p.
180 661 304 741 beati.
323 665 408 745 625.
461 665 522 725 Alii
535 666 610 746 'poll
635 665 752 726 bellum
773 666 950 727 'stoiennrn
971 684 988 726 a
1010 661 1174 726 Graeciae

131 766 266 828 Locride
280 763 428 848 profectio
444 766 606 829 conditam
625 765 772 836 scribunt,
799 766 955 834 etstrabo
971 779 1024 841 13.
1041 784 1073 846 p.
1084 773 1171 846 427.

128 865 256 932 Lbet.
286 870 384 952 inque
410 866 546 930 ducibus
567 872 716 931 nominat
737 870 782 931 in.
805 869 939 931 Clevam
961 882 995 930 et
1016 864 1170 928 Maleum.

130 967 316 1032 Herodotus
335 972 368 1029 io
388 971 453 1030 vita
472 970 606 1033 Homeri
623 990 690 1052 cap.
707 986 742 1043 Ω.
764 969 926 1033 Thessaloo
946 968 1062 1051 prodit,
1088 967 1172 1028 tluee

131 1068 293 1140 Thessalo,
327 1072 454 1136 Eumeli
482 1073 563 1140 silio,
599 1075 713 1154 quiin
740 1074 880 1134 Troiano
907 1070 994 1133 bello
1018 1065 1173 1130 Thettattr
1293 1062 1297 1067 ’

129 1168 277 1255 praefuit.
313 1173 465 1252 (Homer.
483 1172 521 1234 ll.
541 1189 571 1244 a,
590 1173 697 1254 714.)
754 1174 816 1237 Sed
842 1174 863 1234 li
884 1172 988 1252 Cyme
1009 1173 1073 1231 iam
1096 1183 1171 1231 ante

130 1273 253 1335 bellum
277 1273 453 1334 Troianum
480 1273 577 1346 stetit,
618 1272 754 1362 κτίζειν,
792 1289 828 1335 ut
847 1273 935 1355 saepe
957 1274 991 1333 in
1010 1272 1097 1341 aliia,
1129 1268 1171 1330 cle

131 1374 254 1437 colonie
271 1376 366 1436 rlebet
391 1376 543 1460 intelligi,
568 1377 622 1438 rel
638 1379 718 1439 dnae
734 1377 870 1439 omnino
891 1374 1022 1435 luerunt
1038 1373 1171 1453 Cymae,

131 1478 339 1542 Amazonium
362 1478 581 1559 (Stephanus)
603 1491 636 1539 et
659 1479 869 1561 Phricoatt'tia,
895 1477 944 1536 nti
964 1476 1062 1538 etiam
1080 1484 1171 1556 putat

129 1577 218 1640 Petit
251 1580 307 1639 dea
337 1579 513 1640 Amazones
537 1600 568 1662 p.
586 1591 671 1659 440.
710 1579 922 1642 occatam
949 1575 1173 1658 antiquitatem
1254 1560 1265 1578 '

131 1681 219 1741 tarbis
236 1680 315 1740 nlrra
332 1681 471 1743 'l'roiana
491 1694 633 1764 tempora
647 1694 815 1752 remotam,
843 1679 993 1741 liverum
1012 1678 1058 1746 iit,
1081 1674 1172 1759 quod

130 1782 269 1842 constare
300 1778 485 1862 pronontiat
513 1781 640 1846 Salmas.
670 1785 702 1844 in
726 1783 829 1847 Sosin.
850 1803 883 1865 P·
906 1802 950 1844 m.
970 1794 1026 1858 52·
1053 1778 1185 1841 Cumae·

132 1882 342 1962 Campaniae,
369 1885 457 1945 illine
467 1885 647 1953 coloniam,
673 1887 797 1947 Aeneae
813 1900 956 1964 tempore
970 1884 1031 1942 iam
1049 1877 1171 1942 lletiffe.

132 1983 195 2049 Sed
212 1981 346 2042 dubium
367 1984 397 2041 id
415 1983 536 2045 faciunt
555 2005 608 2054 ea,
635 1998 925 2065 quaemooucrunt
948 1985 1008 2045 viri
1030 1982 1116 2043 docti
1132 1979 1173 2042 ad

128 2083 245 2164 'Vellei
268 2104 295 2152 r,
315 2096 349 2162 4.
365 2085 408 2144 in.
464 2086 501 2144 ln
518 2086 651 2146 Aeolide
667 2106 740 2145 cnm
757 2085 825 2146 aliia
845 2088 937 2166 ponit
960 2083 1172 2158 1·lero‹lot.5.¹

140 2198 218 2263 125.
248 2199 280 2259 7,
311 2196 388 2264 ¹⁰4·
424 2185 561 2263 Lydiae,
597 2199 635 2245 ut
670 2185 849 2264 Myrinam,
888 2181 1034 2244 adscribit
1060 2182 1173 2262 Scylax

133 2305 166 2369 p.
184 2292 241 2364 37.
259 2283 358 2348 lindi.
389 2287 429 2349 ‹lc
448 2292 514 2368 qiro
535 2283 632 2367 srtpra.
677 2288 811 2348 Portum
830 2285 917 2347 idem
938 2294 1173 2345 commemorat

133 2389 260 2468 aliique,
284 2386 396 2450 Strabo
419 2404 474 2465 13.
495 2409 527 2469 p.
543 2399 628 2466 428.
646 2385 668 2451 ft
685 2389 771 2452 622.
793 2387 974 2450 Aeoliarum
993 2385 1122 2446 urbium
1138 2396 1173 2447 et

134 2492 305 2550 maximam
322 2501 355 2550 et
371 2493 537 2571 optimam,
554 2505 587 2549 et
603 2509 753 2551 unacum
771 2486 876 2550 Lesbo
893 2488 1085 2570 reliquarum
1107 2504 1173 2548 me·
1244 2486 1247 2491 ’

134 2591 274 2672 tropolin
303 2591 469 2673 praedicat.
514 2589 651 2654 Croesus
679 2611 755 2653 cum
784 2590 915 2672 reliquia
941 2590 995 2650 sabi
1025 2584 1175 2673 subegisse
1298 2650 1301 2655 ,

135 2693 274 2753 videtur.
299 2692 470 2769 (licroclot.
490 2712 519 2762 t,
537 2695 570 2755 6.
593 2696 665 2771 aaa)
691 2692 757 2757 Strb
771 2691 871 2754 Perna
886 2706 1035 2768 tyrannos
1051 2687 1173 2752 babuit.

134 2794 313 2874 (Herodot.
331 2808 364 2869 5.
384 2795 462 2872 58.)
497 2794 748 2858 Dementiam
774 2792 846 2877 poll·
869 2794 1030 2855 invectam
1057 2789 1176 2853 sustulit
1245 2880 1249 2891 .

135 2894 396 2973 Thratymachna.
425 2895 733 2971 (Aristoteleal'olit,
749 2908 783 2971 5,
800 2896 848 2971 5.)
889 2895 982 2953 Victo
1000 2893 1174 2971 Antiocho,

135 2998 320 3078 impetravit
341 2998 529 3058 allbrnania
551 2998 804 3058 immunitatem.
833 2994 959 3069 (Livius
974 3004 1030 3078 38,
1049 3008 1108 3073 39,
1125 2997 1175 3070 8.)
1195 3063 1201 3073 ι
1271 3031 1276 3039 .

136 3096 306 3160 Nocturna
328 3110 533 3159 terraemotu
549 3095 728 3179 conlapsam
743 3094 863 3158 refovit
877 3093 1037 3163 Tiberina,
1056 3095 1175 3180 (Tacit.

135 3199 250 3263 Annal.
268 3215 301 3266 o,
317 3195 394 3280 47.)
421 3213 454 3260 et
475 3200 551 3260 binc
572 3201 606 3260 in
630 3198 757 3261 serratio
776 3199 817 3258 ad
837 3195 921 3257 suain
939 3210 1072 3258 aetatem
1091 3195 1176 3257 urbi·

136 3298 199 3361 buc
223 3301 317 3382 ponit
337 3299 420 3362 Plin.
439 3314 471 3374 5.
498 3314 555 3379 32.
571 3297 591 3362 s.
611 3313 670 3381 50.
723 3302 761 3361 ln
784 3298 874 3361 clarie
893 3297 1017 3360 civibus
1033 3283 1179 3359 eminent

137 3402 300 3484 Ephorus,
323 3398 466 3462 Isocratia
483 3400 665 3483 discipulos,
689 3399 816 3487 (Strabo
839 3413 893 3479 13.
908 3392 1178 3481 p.428.s.623.)

139 3517 172 3565 et
195 3502 372 3574 Hesiodum
401 3499 485 3584 (ipse
507 3506 541 3563 in
563 3501 648 3586 opp.
665 3523 697 3565 r.
714 3502 799 3581 636.
832 3501 945 3564 Strabo
961 3521 988 3564 c.
1009 3501 1032 3562 l.
1059 3512 1091 3561 et
1107 3501 1180 3564 ste
1277 3512 1280 3517 ’

138 3605 285 3688 phanue)
311 3605 351 3666 de
368 3603 511 3666 Homero
527 3591 681 3675 dubium,
706 3603 841 3681 (Strabo
858 3621 885 3666 c.
901 3602 945 3678 l.)
969 3601 1024 3663 etsr
1042 3602 1179 3663 omnino

139 3707 262 3768 incolae
280 3703 456 3766 lloliditatia
477 3701 706 3775 incusabantur,
728 3705 936 3787 (stephanon)
966 3702 1051 3786 quod
1073 3720 1179 3765 exem·

139 3808 203 3892 plia
218 3806 351 3868 declarat
366 3805 480 3868 Strabo
493 3825 522 3868 e.
536 3804 560 3867 l.
598 3807 706 3868 incola
720 3804 885 3896 Κυμαῖος.
912 3824 928 3865 a
945 3800 1057 3866 Cumie
1073 3801 1181 3865 ltaliae

142 3922 253 3972 contra
277 3899 423 3996 Κυμεὺς,
454 3920 610 3970 monente
631 3910 812 3990 &ephrom
843 3905 899 3968 etll
916 3907 950 3966 in
967 3905 1078 3967 numia
1091 3907 1181 3988 priua

141 4005 319 4095 promiscue
344 4007 545 4082 observatur,
577 4021 615 4070 ot
637 4008 755 4073 docent
775 4007 849 4070 libri
870 4005 1019 4070 numarii.
1071 4005 1181 4091 Qum

143 4114 239 4177 etiam
256 4110 297 4174 tle
312 4109 368 4175 illo
384 4109 569 4189 buinio·
579 4109 733 4186 dubitarit
747 4110 812 4175 riri
825 4109 924 4181 docti,
944 4121 984 4171 ut
998 4105 1131 4173 clover.
1146 4108 1180 4168 in
