2634 4716
187 413 240 471 ru
266 411 405 469 rotun
434 410 542 472 ιιιι.
583 411 620 471 ι.
641 413 665 469 ι.
708 411 742 473 c.
762 410 844 473 xrx.
882 410 981 483 ιιι
1054 407 1118 487 ,⁶25

10 640 23 679 [Ι
70 583 210 667 Tiirkey
224 588 266 651 T.
286 604 316 651 1.
332 606 404 672 pag.
423 601 507 650 210.
531 606 570 649 ex
592 585 709 668 quibua
729 585 873 668 adparet,
903 585 1001 647 etium
1026 604 1113 649 nuno

10 746 15 781 ·.
65 688 181 755 urbem
202 687 263 751 effe
286 686 356 751 satia
380 689 517 770 amplam
537 702 570 748 et
594 688 707 751 incolis
727 686 944 770 frequentem,
977 700 1112 767 portum

10 824 16 881 ἱ
64 791 261 873 neglectum.
298 790 471 854 Historiam
486 789 573 855 urbia
591 801 713 854 enarrat
728 790 864 876 allgem.
879 789 986 852 Welt·
996 785 1109 854 Gaich.

64 891 313 976 ffifflstwb

229 1047 259 1123 ς.
292 1060 348 1108 ro.
399 1043 609 1128 Aliosporu,
639 1045 763 1130 inquit,
789 1044 959 1115 Thraciae,
986 1055 1105 1106 tractus

60 1143 165 1208 litorio
193 1147 289 1207 maris
318 1143 492 1229 porrigitur
520 1149 619 1233 longo
644 1145 742 1231 spatio
763 1149 798 1208 iu
821 1149 980 1210 orientem
1002 1163 1104 1227 utque

59 1245 101 1306 ad
118 1246 315 1328 Trapezunta
328 1254 365 1310 'et
386 1247 463 1309 hinc
482 1262 666 1312 recurvatur
684 1252 719 1311 in
741 1251 911 1334 anguium,
937 1267 1033 1329 quem
1054 1240 1104 1308 i'n·
1146 1299 1151 1306 .
1237 1240 1241 1249 ’

58 1344 205 1409 habitant
221 1346 349 1413 Colchi.¹
382 1368 618 1419 uvauerrnve.
656 1347 851 1443 Pirustarum
874 1349 1024 1430 unguium
1047 1364 1105 1409 vo·
1168 1368 1171 1391 =

60 1461 111 1543 cat
134 1448 248 1511 Noster
270 1466 302 1521 2,
328 1466 360 1520 2.
385 1462 419 1527 5.
467 1452 578 1515 Graeci
599 1446 728 1542 μυχὸν,
757 1472 853 1535 quem
875 1451 914 1512 ad
934 1450 1103 1513 Phafideru

57 1550 272 1631 punitorium
295 1553 445 1634 Apollon.
470 1554 535 1618 lah.
555 1570 588 1625 ιι,
613 1555 718 1639 ια46.
756 1551 808 1617 Cf.
830 1552 974 1615 Valerius
997 1550 1099 1612 Flacu.

58 1661 200 1741 53155.
253 1645 396 1743 Κὰμπῇν
430 1668 538 1717 autem
571 1654 653 1717 hauc
693 1643 869 1737 ἀξιόλογον
901 1653 1013 1716 Strabo
1042 1670 1099 1713 ιι.

53 1770 89 1833 p.
108 1763 192 1832 342.
209 1750 230 1814 s.
245 1764 332 1835 497.
355 1775 372 1819 a
391 1757 592 1839 Trapezunte
607 1756 751 1819 extendit
766 1757 804 1818 ed
823 1754 1033 1824 Dioscuriade,
1058 1750 1101 1815 ad

51 1871 152 1933 quam
168 1850 351 1939 longiffime
367 1853 473 1919 versuo
494 1860 653 1920 orientem
668 1858 793 1919 Porrtue
808 1859 998 1941 porrigatur.

137 2002 345 2087 Colchi)
395 2005 545 2076 Colchos,
570 2020 606 2066 ut
630 2006 707 2069 [olet
726 2011 823 2069 etiam
846 2009 879 2069 in
901 2007 980 2076 aliia,
1006 2001 1099 2069 fimul

39 2104 175 2169 innuit.
226 2105 283 2168 Gr.
315 2100 466 2190 Κόλχοι,
495 2108 583 2190 regio
608 2101 753 2192 Κολχὶς,
786 2109 840 2168 rel
865 2110 965 2169 auctio
989 2105 1098 2167 verbio

50 2201 188 2292 Κολχίς
203 2207 265 2292 γῆ,
284 2207 438 2287 (Euiiath.
453 2209 492 2269 ad
510 2205 644 2288 Dionys,
655 2229 688 2271 v.
698 2209 799 2286 688.)
820 2203 971 2291 Κόλχων
983 2200 1096 2290 χώρα.

49 2310 220 2385 (Arrianus
236 2329 306 2394 pag.
324 2333 359 2386 4.
377 2307 491 2386 Hudi.)
521 2304 808 2394 Κολχικὴνριίιιιι
826 2322 943 2371 vocant
960 2307 1096 2392 Agathe·
1157 2304 1160 2311 '

49 2429 135 2473 ruer.
153 2425 185 2479 ο,
203 2410 235 2473 6.
270 2410 436 2490 Synceiiua
456 2412 489 2470 in
512 2409 694 2495 chronogr.
720 2432 751 2494 p.
771 2421 854 2489 283.
875 2411 954 2472 ven.
994 2405 1095 2491 Quod
1200 2406 1204 2435 ¹

50 2511 133 2572 oiim
150 2512 185 2571 in
200 2512 325 2571 Horatii
341 2513 434 2593 epod.
453 2523 486 2588 5,
504 2527 562 2575 αι.
586 2526 619 2573 et
636 2512 733 2576 Ovid.
749 2512 836 2594 epist.
853 2512 888 2582 6.
910 2511 989 2590 136.
1009 2509 1095 2593 lege·

47 2610 147 2675 batur
164 2610 317 2682 Colchos,
344 2611 501 2673 sublatum
524 2633 610 2675 nuno
626 2613 680 2678 est.
734 2614 814 2675 Indo
834 2613 964 2697 gentilia
983 2625 1096 2673 notau-

51 2727 108 2773 tur
127 2712 272 2783 cotenus,
303 2713 479 2786 caletricus.
508 2714 644 2778 Colchis.
685 2715 745 2797 lpfi
762 2714 874 2776 Colchi
890 2735 929 2777 ex
947 2715 1093 2797 Aegypto

51 2808 119 2875 huc
134 2811 323 2879 descendiffe
345 2812 491 2877 feruntur
507 2836 523 2878 a
540 2816 668 2887 multia.
694 2835 775 2896 quos
789 2828 968 2876 memorant
983 2815 1094 2877 Schra-

49 2916 148 2981 derue
165 2929 197 2976 et
211 2915 409 2980 Wernatiori.
424 2919 463 2980 ad
478 2920 593 2980 Arion.
609 2937 641 2979 r.
658 2927 742 2999 874.
772 2914 938 2978 Cierium
956 2915 1092 2977 Larchor
1195 2906 1216 3005 ¹¹
1300 2938 1303 2949 ·

49 3017 92 3078 ad
114 3018 270 3083 Herodot.
289 3036 322 3089 ιι.
345 3030 425 3097 ιο4.
443 3020 483 3081 T.
501 3035 534 3082 a.
555 3037 587 3101 p.
603 3038 649 3081 tn.
668 3015 798 3098 5731q.
821 3031 863 3087 et,
889 3019 945 3099 qui
960 3036 1017 3098 pro
1032 3016 1092 3078 hau

49 3115 207 3180 [cotentio
225 3116 349 3181 fortiter
368 3134 507 3203 pugnat,
540 3118 679 3181 Bochurt
703 3120 738 3180 in
759 3119 879 3203 Phateg
894 3129 929 3196 4,
953 3132 1011 3196 31.
1038 3116 1094 3179 cui

48 3221 305 3301 adiungipoteii
327 3220 445 3282 Martio
467 3222 500 3283 in
522 3220 638 3283 differt.
657 3219 708 3280 [ur
722 3249 770 3262 -
790 3217 935 3304 Espegne
956 3224 985 3298 §.
1005 3236 1039 3285 2.
1057 3232 1093 3294 3.

47 3338 130 3401 quae
144 3319 265 3381 adnexa
283 3320 325 3382 est
343 3323 411 3383 eiua
426 3322 507 3385 libro
525 3322 594 3385 hist.
612 3323 668 3383 dea
684 3320 799 3383 Geuiea
812 3323 852 3382 T.
869 3341 898 3384 ι.
915 3341 948 3403 p.
965 3333 1037 3401 535
1049 3319 1093 3403 tq.
1132 3334 1138 3345 ·

49 3420 183 3495 Fectum
208 3421 271 3483 hoc
296 3421 356 3491 est,
389 3437 426 3482 ut
447 3425 578 3504 quidem
606 3423 734 3483 tradunt
757 3423 942 3485 Herodotus
962 3443 990 3485 c.
1011 3424 1034 3489 l.
1058 3435 1093 3486 et

48 3522 153 3584 Valet.
170 3522 269 3585 Flecc.
285 3533 318 3598 5.
342 3535 429 3602 419.
454 3545 528 3586 cum
543 3522 686 3587 Sesostris
707 3525 810 3605 prima
826 3524 907 3585 belia
932 3524 1022 3586 Getis
1044 3525 1093 3586 in·

48 3619 165 3696 ferrem
198 3624 254 3684 etir
282 3626 455 3686 reluctatur
486 3626 521 3687 in
546 3625 609 3688 hoc
635 3624 829 3697 Iiochartua,
861 3626 1016 3709 aliamque
1039 3627 1094 3687 alii

49 3725 139 3785 viam
178 3725 340 3806 aperiunt,
375 3728 409 3786 in
444 3726 495 3790 hia
534 3726 646 3788 Strabo
676 3742 730 3790 ru.
766 3746 837 3810 pag.
856 3738 939 3807 848.
966 3725 987 3790 i.
1006 3737 1091 3809 498.

47 3826 187 3888 Diodor.
210 3846 239 3897 ι,
263 3838 322 3904 ug.
339 3841 373 3888 et
390 3840 448 3913 55.
477 3860 526 3876 -
578 3828 771 3890 iudaeorum
806 3842 914 3889 tamon
949 3826 1093 3891 subolem

47 3939 140 4010 putat
154 3926 306 3992 Stuckiue
321 3928 359 3990 ad
376 3931 497 3991 Arriau.
521 3949 552 4011 p.
569 3946 627 4013 99.
679 3929 807 3992 Postero
827 3943 972 4013 tempore
992 3929 1094 3996 Lazo·
1201 3912 1204 3917 Ι

48 4030 152 4089 dictor
169 4026 267 4100 fuiffe,
284 4032 450 4112 regionem
465 4028 564 4113 ipsam
574 4031 728 4101 Loricam,
745 4048 784 4090 ex
801 4030 948 4112 pluribua
962 4032 1092 4099 ooniiat.
1181 4044 1186 4051 '

48 4125 124 4191 via.
148 4130 285 4214 Procop.
310 4132 350 4193 de
372 4130 410 4192 B.
435 4130 537 4195 (ioth.
554 4141 590 4211 4,
611 4150 642 4194 ι.
657 4129 681 4195 i.
713 4134 850 4195 Tzetzea
870 4135 909 4195 ad
930 4133 1089 4218 Lycophr.

46 4248 85 4295 r.
105 4240 192 4312 887.
215 4258 266 4280 -
316 4231 517 4299 Himerio
539 4232 697 4301 urorum
726 4234 828 4321 patria
858 4234 972 4301 Phafin
1000 4237 1096 4320 ponit
