2634 4716
190 384 279 499 '550
432 456 435 461 -
486 418 648 482 florea
686 419 990 481 nxaoerrctn

175 667 180 674 ,
216 596 299 659 mari
319 594 465 680 paullum
482 592 571 659 inille
586 606 761 666 minutam,
787 594 838 658 led
861 608 994 678 portum
1017 589 1158 657 habuiss'e
1176 592 1262 657 euu-

215 698 295 761 dem
308 698 460 766 numinis,
483 697 569 778 quod
579 710 622 758 et
634 698 687 758 alii
704 696 928 771 observarunt3
955 696 1153 765 Gazaeorum
1168 693 1262 755 hunc

215 794 402 862 habendum
417 812 547 880 portum
562 797 622 860 elle
638 798 721 880 apud
735 799 956 861 Ptolemaeum
974 810 1007 877 5,
1023 799 1077 861 ιδ.
1103 794 1262 858 existimat

214 899 379 964 Mannert.
398 899 515 984 Geogr.
526 901 596 962 Vol.
606 901 640 963 6.
656 900 693 962 P.
711 920 740 963 ι.
754 921 787 982 p.
799 898 882 964 969.
918 902 965 962 lta
975 917 1054 963 vero
1070 897 1155 960 Mela
1172 897 1262 959 huuc

217 1016 351 1087 portum
371 1001 556 1062 intellexille
573 998 718 1072 videtur,
744 1000 799 1064 etlr
815 1003 950 1065 omnino
970 1000 1184 1085 posteriorum
1208 999 1263 1061 ali·

206 1094 291 1187 ¹qui,
319 1116 358 1162 ut
373 1103 573 1184 Epiphanius
596 1101 637 1163 de
660 1105 735 1167 vitia
756 1104 938 1186 prophetat.
962 1123 996 1184 p.
1014 1103 1099 1180 946.
1119 1102 1263 1163 Azotum

215 1206 299 1268 mari
314 1204 493 1285 adponuut.
537 1203 644 1265 Hodie
660 1205 698 1266 ab
713 1205 868 1268 Arabibue
884 1206 983 1272 locue.
1005 1203 1063 1265 ubi
1078 1203 1155 1265 olim
1171 1199 1262 1271 sedit,

216 1324 308 1370 nunc
328 1324 446 1387 pagus,
471 1318 604 1368 vocatur
621 1304 738 1366 Esdud
755 1305 776 1367 l.
793 1305 909 1370 (tunt.
961 1305 1117 1368 Reddidit
1140 1303 1263 1366 Melam

131 1472 135 1481 ,
216 1406 388 1471 Βοοειῑὶιιι
410 1404 431 1469 l.
448 1427 480 1470 v.
504 1406 675 1468 Arabicum
698 1427 796 1471 mare.
847 1411 897 1470 De
919 1408 1022 1470 Azoto
1041 1419 1149 1467 autem
1170 1405 1262 1487 plura

211 1507 342 1570 'dabunt
363 1509 525 1570 Relaudue
546 1511 579 1568 in
601 1507 771 1571 Palaestina
790 1530 822 1592 p.
844 1530 889 1571 m.
905 1520 978 1589 459
995 1506 1036 1590 iq.
1072 1507 1204 1590 Mignot
1225 1506 1262 1566 in

199 1606 395 1671 'Memoiree
412 1611 519 1670 -de
536 1608 624 1670 Paria
638 1610 735 1672 Toni.
753 1622 812 1690 34.
827 1632 860 1693 p.
880 1611 951 1691 336
966 1608 1028 1692 qu.
1052 1621 1086 1672 et
1098 1607 1261 1671 Bachiene

214 1728 286 1773 von
302 1708 472 1772 Palaestina
490 1711 556 1773 vol.
575 1725 609 1772 9.
627 1709 663 1772 P.
681 1724 715 1790 3.
736 1731 768 1794 p.
786 1724 833 1791 58
852 1709 914 1794 sqq.

292 1924 447 1996 quarta
479 1912 660 1996 uigilia)
718 1915 744 1975 1.
771 1933 799 1976 e.
828 1916 906 1978 horu
940 1916 1043 1978 noctis
1069 1931 1173 1982 nona,
1204 1909 1259 1973 vel

213 2016 309 2078 tertia
331 2029 403 2076 ante
424 2017 548 2088 lucem,
574 2035 655 2096 quae
675 2018 778 2078 noetio
797 2017 912 2080 divilio
933 2018 968 2078 in
984 2026 1019 2096 lp
1041 2015 1167 2099 vigiliae
1183 2026 1259 2075 nota

93 2178 100 2183 .
215 2113 262 2178 est
282 2136 322 2178 ex
339 2114 515 2193 Censorino
535 2118 575 2179 de
596 2119 649 2180 die
671 2119 765 2179 natali
785 2139 852 2200 cap.
870 2132 928 2197 93.
940 2198 944 2205 Δ
958 2133 991 2179 et
1013 2117 1147 2201 Vegetio
1166 2116 1259 2177 dere

203 2217 349 2280 militari
366 2232 398 2296 3,
415 2231 450 2296 8.
489 2216 540 2282 cf.
562 2219 729 2282 Drakenb.
750 2221 786 2281 ad
807 2222 923 2283 Silium
945 2219 1012 2281 ltal.
1028 2229 1062 2296 tp.
1081 2230 1140 2296 39.
1193 2216 1256 2279 Pro

213 2335 259 2380 no
274 2322 461 2386 Ammianus
478 2320 654 2385 Marcellin.
672 2338 730 2391 99,
751 2332 803 2399 ι4.
820 2322 897 2383 dicit
907 2312 1059 2412 secundis
1073 2319 1256 2399 galliciniis,

214 2439 298 2501 quae
321 2419 393 2481 suut
408 2422 518 2483 medio
537 2425 623 2484 inter
640 2413 852 2511 μεσονύκτιον
874 2436 907 2485 et
922 2441 1067 2484 auroram
1084 2419 1193 2502 spatio.
1219 2431 1258 2479 ut

215 2518 335 2583 mutrir'
351 2524 461 2584 docuit
481 2523 628 2585 Bochart.
648 2525 683 2583 in
705 2526 835 2588 Hieroz.
859 2525 895 2588 P.
919 2540 951 2587 9.
976 2524 1032 2585 lib.
1055 2543 1083 2586 ι.
1109 2542 1177 2604 cap.
1200 2534 1257 2596 17.

215 2613 462 2708 Tpottanru
482 2637 612 2686 noctem
632 2622 706 2686 iacit
725 2627 858 2690 Homer.
874 2627 913 2690 ll.
937 2646 991 2697 ro.
1013 2637 1096 2703 953.
1123 2635 1258 2685 notante

217 2725 318 2787 etiam
331 2724 377 2784 ibi
393 2722 535 2786 Eustath.
556 2745 589 2806 p.
603 2745 648 2790 m.
667 2742 750 2803 790,
768 2738 829 2806 4ι.
878 2727 1004 2808 Nempe
1021 2726 1131 2788 Graeci
1146 2738 1257 2786 contra

215 2837 282 2887 trec
298 2839 423 2886 tantum
439 2824 597 2887 habebant
618 2828 720 2891 noctis
741 2829 882 2914 vigiliae,
907 2831 954 2889 uti
970 2829 1088 2891 docent
1104 2828 1258 2908 interpre-

217 2938 268 2989 tee
286 2925 422 3009 Nepotie
441 2928 478 2987 ad
494 2929 675 2989 Eumenem
694 2950 721 2992 c.
740 2950 773 3009 9,
796 2944 829 3011 3.
850 2932 976 3012 aliique,
1002 2948 1083 3011 quoe
1098 2936 1258 2988 memorat

218 3028 357 3110 Ruperti
372 3031 411 3088 ad
426 3029 542 3091 Silium
561 3030 628 3092 ltal.
649 3045 682 3105 7,
705 3044 785 3111 154.
838 3032 938 3095 Recte
959 3045 1066 3092 autem
1086 3029 1258 3111 reprehen-

218 3128 303 3192 dunt
319 3130 448 3198 Melam.
472 3131 529 3212 qui
543 3131 633 3194 casn
653 3133 782 3196 Arabiae
798 3131 818 3196 l.
835 3134 972 3218 Aegypti
989 3132 1146 3202 tribuerit,
1168 3129 1257 3212 quod

216 3243 346 3301 tautum
364 3231 471 3295 catur
484 3234 590 3311 Syriae
606 3232 660 3294 fibi
676 3235 825 3296 vindicat.
879 3234 987 3318 Quare
1001 3234 1124 3295 Plinius
1140 3231 1257 3313 aliique

213 3332 341 3395 Melam
363 3332 583 3401 deseruerunt.
609 3348 703 3414 atque
721 3337 753 3396 id
773 3337 867 3398 unice
882 3336 923 3398 de
938 3337 1046 3415 Syriae
1061 3333 1153 3399 cauo
1173 3348 1258 3396 retu·

217 3433 335 3499 lerunt.
387 3436 440 3497 Sic
462 3435 607 3496 enimde
626 3436 690 3498 hoc
712 3438 835 3499 Pliuiue
850 3447 883 3514 5.
910 3451 965 3515 18.
983 3436 1003 3500 l.
1021 3452 1080 3499 99.
1104 3436 1187 3496 Eius
1206 3455 1258 3496 ecc·

218 3527 303 3627 celso
323 3535 464 3597 altitudo
483 3549 600 3619 quartu
619 3539 735 3618 vigilio
754 3540 901 3601 orientem
924 3560 980 3618 per
1000 3534 1143 3599 tenebras
1155 3527 1257 3627 solem

219 3630 373 3730 adspicit.
424 3638 526 3700 Solin.
548 3657 576 3700 c.
600 3651 658 3716 39.
676 3636 695 3698 l.
716 3642 774 3719 36.
799 3641 889 3700 cuius
904 3663 920 3700 e
935 3642 1051 3701 vertice
1066 3639 1177 3719 vigilio
1199 3637 1259 3696 cd·

219 3739 281 3800 duc
302 3751 421 3822 quarta
444 3729 640 3828 conspicitur
659 3740 773 3820 globus
786 3731 880 3832 scriis.
908 3770 957 3784 -
1010 3741 1134 3801 Talise
1159 3734 1260 3829 Casto

213 3831 348 3932 Jpacuia
364 3839 417 3932 cst.
439 3853 481 3923 ut
497 3841 595 3902 iucem
613 3842 703 3918 prius
719 3841 841 3914 videas,
866 3863 960 3924 quam
978 3833 1160 3933 auspicetur
1176 3839 1258 3903 tter.

217 3939 273 4006 Cf.
290 3943 437 4002 Martiau.
460 3941 586 4024 Capella
609 3942 643 4004 6.
667 3964 699 4025 p.
716 3956 801 4009 990.
828 3946 963 4006 variatae
987 3945 1140 4006 orationis
1160 3941 1259 4014 caula,

218 4056 254 4106 et
275 4045 315 4105 da
330 4041 556 4105 sententiarum
571 4043 779 4126 discrepantia
795 4044 923 4110 Salmas.
935 4049 975 4107 ad
990 4047 1092 4107 Solin.
1113 4065 1179 4129 cap.
1198 4059 1258 4125 37.

218 4144 241 4207 i.
262 4155 322 4226 34.
339 4166 372 4230 p.
390 4164 435 4209 ιιι.
452 4155 538 4228 401.
590 4143 721 4210 Miscuit
733 4148 830 4212 etiam
847 4148 882 4212 in
897 4147 960 4212 hoc
976 4160 1150 4229 utrumque
1165 4167 1260 4211 mon·
