2634 4716
240 400 293 458 ΙΝ
319 398 458 457 POMP.
489 400 597 456 MEL.
640 402 676 457 L.
698 403 722 456 1.
765 402 798 458 c.
821 403 859 457 11.
901 401 926 471 ς.
949 412 979 457 2.
1091 396 1133 474 ⁶3

104 574 228 637 mnino
240 575 336 645 cedit,
357 593 394 637 rc
409 573 441 636 se
453 576 743 658 parirrrr'dernergi‚
766 572 817 637 sed
833 573 960 654 obliqua
979 573 1134 655 quodam·

104 677 188 737 nodo
212 679 359 739 venienti
381 679 473 737 litora
495 679 647 760 porrigit.
676 692 714 738 et
734 666 780 737 ab'
793 695 832 737 eo
855 677 940 739 flexu
960 679 994 737 vi
1018 677 1133 740 maiori

104 776 225 839 elidere
252 779 380 860 incipit,
422 793 456 840 et
481 778 565 859 quast
592 779 705 840 victrix
731 781 898 862 ingentem
928 775 1068 849 srorrtem
1097 779 1131 839 in

104 879 187 939 stum
209 881 286 963 agit.
315 881 375 949 Sic<
392 900 460 963 cap.
483 896 537 948 ιο,
552 890 587 958 4.
626 898 840 953 ctqcconrva.
895 879 1021 960 Nempe
1044 881 1132 941 iuxta

104 981 223 1041 andem
244 983 379 1053 lineam,
413 982 510 1064 'quam
535 983 640 1042 tenuit
660 984 693 1043 in
716 995 804 1063 parte
826 979 876 1041 srra
895 980 1056 1053 Asticana,
1088 982 1133 1042 ita
1220 960 1222 970 Ι

104 1085 205 1143 atimr
247 1084 328 1144 istud
374 1085 504 1167 pelagus
543 1084 646 1145 adhuc
685 1062 905 1164 aliquantisper
946 1084 1131 1164 procedere.

104 1230 111 1246 .
138 1190 346 1247 onorovrvt
371 1186 448 1247 MS.
495 1187 552 1248 sta.
592 1185 686 1255 Nam,
710 1187 797 1266 qnod
814 1187 853 1245 ad
877 1185 978 1245 sinrrm
1004 1182 1133 1247 issicum

104 1287 140 1347 ric
158 1283 338 1368 proferunt,
361 1288 410 1348 uti
427 1287 598 1356 Vadianua.
618 1288 817 1356 Ciacconiur.
838 1286 1013 1367 Oporinue.
1037 1287 1134 1361 (irae-

104 1388 160 1449 *ina
178 1386 247 1477 Μβ.
272 1389 306 1448 id
322 1389 361 1449 ad
379 1387 599 1470 subsequentia
622 1391 777 1472 pertirret;
804 1389 857 1448 hic
872 1390 910 1448 ad
926 1390 1058 1449 initium
1075 1389 1133 1451 Pa-

104 1488 248 1561 resiinae,
274 1491 362 1572 qnod
379 1506 412 1551 et
432 1491 556 1552 viderat
574 1479 611 1550 'et
631 1505 742 1551 eontra
762 1490 940 1550 Vadianum
963 1501 1143 1561 notaverat„

104 1610 226 1655 nonne.
277 1591 350 1655 Diu
370 1605 479 1653 autem
496 1594 537 1653 de
558 1588 775 1677 progressione
792 1604 825 1653 et
843 1604 961 1660 tractu.
989 1605 1027 1653 ut
1042 1595 1075 1669 §.
1087 1606 1130 1667 5.

111 1705 180 1772 νδ,
205 1703 241 1771 5.
280 1708 423 1772 r‚9‚n.
460 1709 493 1761 2.
517 1713 546 1762 r,
564 1705 597 1770 8.
622 1708 655 1755 et
674 1692 761 1755 alibi.
813 1693 863 1756 Sic
881 1692 1078 1774 aliquamdiu
1101 1713 1130 1761 ι,
1234 1711 1239 1734 ¹

113 1803 205 1871 5‚·3.'
232 1809 265 1864 a,
283 1806 316 1872 5,
340 1806 375 1872 5.
426 1793 526 1855 Porro
549 1795 622 1873 ripa
643 1797 682 1857 de
704 1794 849 1864 flumine,
879 1794 957 1855 sitris
976 1794 1016 1855 de
1040 1796 1130 1864 mari,

104 1914 167 1976 prae
183 1893 299 1957 diserte
317 1897 468 1957 discernit
485 1910 518 1971 3.
535 1913 569 1974 9,
586 1909 621 1970 3.
646 1911 685 1956 ut
702 1895 841 1958 Ovidius
866 1896 1000 1958 Metam.
1023 1882 1052 1966 i,
1069 1906 1131 1976 42.

104 2017 147 2058 tro
165 1997 245 2079 ripis
263 1997 362 2059 ttrora
380 1987 523 2088 pussant.
576 1994 630 2061 cf.
650 1998 689 2058 ad
708 2012 742 2069 a,
765 2018 793 2068 r,
813 2008 849 2077 4.

159 2199 348 2269 venienti
382 2196 572 2282 obviam)
623 2172 803 2280 Tamquarn
828 2200 959 2281 pelagus
985 2218 1053 2279 non
1078 2201 1132 2263 ad·

104 2297 223 2362 niss'urr.
256 2320 439 2363 vrnrrnva.
490 2304 588 2384 Atqui
613 2302 677 2361 iarn
704 2317 777 2363 ante
804 2300 964 2362 veniebat.
1003 2301 1131 2383 Nempe

104 2415 133 2462 ta
150 2400 294 2463 describit
312 2423 414 2464 acrem
432 2416 464 2464 et
482 2405 712 2465 vehementem
729 2403 908 2482 impeturn,
936 2402 1036 2482 qualis
1054 2401 1132 2464 soiet

105 2501 148 2569 sse
167 2504 256 2573 aciei,
278 2524 353 2566 cnm
370 2505 575 2566 vehementia
591 2505 804 2588 aggredientis
821 2502 953 2572 hostem.
975 2520 1012 2565 ut
1026 2504 1129 2576 not'er,

105 2606 241 2671 uoniam
265 2621 343 2666 terra
367 2606 430 2666 illic
451 2607 560 2668 residit
585 2607 754 2688 impetenti
778 2624 812 2666 ac
833 2624 930 2687 porro
955 2609 1129 2691 irrumpere

104 2708 236 2777 odanti,
269 2723 365 2790 prout
387 2708 465 2768 ilirrd
484 2711 625 2770 verbum
641 2711 808 2789 aliquoties
830 2706 980 2769 etr-sensu
1003 2708 1131 2789 usurpat

104 2808 211 2871 derue.
244 2829 268 2870 1.
291 2820 490 2872 cnonovrre
508 2811 584 2874 MS.
640 2810 756 2873 Venire
773 2810 813 2871 de
830 2811 924 2869 tario
949 2826 1041 2899 rnotu
1062 2831 1132 2871 mo·

104 2929 202 2992 unque
225 2913 353 2975 consilio
371 2915 471 2991 valet,
506 2915 625 2995 qnippe
646 2913 690 2973 est
705 2900 843 2973 verbrrrn
865 2912 1008 2994 generis,
1035 2930 1133 2991 prout

104 3030 188 3076 rexue
211 3015 334 3077 desinit.
388 3015 449 3076 Hic
469 3017 589 3076 accedit
612 3034 677 3075 vox
700 3010 847 3083 obaiam‚·
862 3032 866 3039 ’
883 3026 915 3073 er
940 3012 978 3071 [ic
1002 3010 1130 3074 obviam

104 3120 192 3177 *mire
207 3116 310 3178 hosiiii
329 3114 416 3176 sensu
434 3117 561 3188 dicitur,
572 3133 578 3145 ”
588 3117 629 3176 de
645 3133 711 3195 quo
729 3114 795 3175 vid.
813 3111 967 3174 Dukerue
987 3113 1025 3173 ad
1047 3114 1068 3175 F
1071 3116 1131 3176 lor.
1175 3102 1181 3115 ⁸

104 3229 123 3295 ς,
153 3230 208 3298 14,
236 3230 290 3298 14.
314 3233 362 3290 et,
396 3238 494 3301 qnam
520 3219 659 3302 adlegat,
693 3214 801 3274 Barth.
836 3215 876 3275 ad
905 3210 1070 3278 Claudian·
1093 3229 1130 3294 4.
1233 3290 1244 3299 r.

104 3319 219 3383 ionius.
241 3322 364 3384 Honor.
382 3343 416 3384 v.
436 3330 522 3399 484.
548 3319 612 3382 Pro
628 3337 668 3381 eo
686 3316 797 3377 Florus
810 3314 852 3395 4.
865 3335 878 3376 r
892 3336 920 3386 r,
935 3326 970 3394 4.
990 3317 1133 3378 ‘perrierus

104 3423 170 3484 tesso
186 3444 351 3486 occurrere.
393 3423 538 3505 Explicat
555 3422 642 3482 hrinc
657 3420 765 3480 ldcur'n
784 3415 849 3498 ipse
867 3416 951 3489 Mein
972 3422 1077 3488 r‚'12‚
1096 3428 1132 3498 4.

104 3524 248 3587 iescribir
270 3513 378 3588 antem
401 3525 454 3585 hic
476 3524 563 3585 Afrae
582 3523 676 3583 litora
703 3519 742 3581 ab
764 3520 858 3579 initio
880 3502 1069 3580 Palaestinae
1091 3523 1131 3581 ad

104 3625 195 3689 inurn
212 3623 356 3701 Issicum,
382 3627 468 3688 unde
488 3626 638 3708 deinceps
659 3623 699 3684 ad
715 3621 841 3686 Cariam
857 3635 890 3681 et
910 3621 1036 3715 Troada
1060 3639 1131 3703 pro·

104 3730 246 3805 ‚reditun
277 3759 281 3767 1
355 3742 359 3749 ’
447 3728 451 3736 ’
852 3736 855 3744 ·

166 3935 333 4018 ingenti
357 3930 537 4015 ambitu)
574 3930 626 3996 sic
642 3941 737 3990 vocar
754 3924 854 3986 sinum
870 3917 1009 3995 Issicum,
1033 3942 1155 4006 qrrem·

104 4039 244 4114 paridem
264 4040 342 4100 dicit
365 4059 393 4107 r,
414 4051 469 4108 ια,
487 4046 523 4115 4.
549 4048 582 4096 et
606 4031 780 4095 maximum
798 4042 831 4097 Ω,
854 4040 888 4100 7,
911 4037 945 4102 5.
984 4026 1037 4088 Sic
1056 4028 1132 4088 Dio·

104 4141 199 4224 ryfiur
222 4137 279 4233 [r.
309 4131 415 4227 μμ]
449 4131 575 4213 κόλπος
606 4130 755 4223 ἀπείρων.
794 4145 1009 4193 craecorrtva.
1068 4128 1130 4189 Hic
