2634 4716
225 402 271 459 60
495 392 657 455 Notata
696 393 1002 453 uxr-:martene

304 566 552 650 Arabicum)
608 569 644 631 Si
664 568 705 631 ab
723 570 870 632 orientali
892 565 997 629 imme
1021 564 1107 629 Atiae
1131 566 1174 627 in
1191 564 1269 627 onet-

226 670 359 736 deutem
382 672 642 754 progrediamur,
678 676 768 756 prius
798 670 934 733 occurrit
963 668 1142 745 Perfieum,
1176 684 1267 749 quam

225 771 398 838 Arabicum
428 792 534 842 mare,
577 769 629 833 sed
659 774 694 834 in
722 773 870 835 locorum
897 769 1087 835 nominihur
1120 768 1268 833 ordinem

225 872 371 960 persequi
388 894 457 935 non
473 873 518 937 est
537 871 701 935 facundiae
716 875 893 937 admodum
907 870 1048 957 benigna
1058 872 1211 941 materia,
1234 884 1269 933 ut

226 977 261 1040 iu
279 979 450 1058 prooemio
470 974 600 1035 testatus
616 975 661 1037 est
677 974 774 1039 Mela.
827 976 906 1039 Ideo
928 975 1169 1057 provinciarum
1188 972 1270 1035 loeo·

161 1124 164 1131 .
225 1097 364 1158 rumque
379 1076 530 1139 ordinem
551 1078 760 1159 interrumpit
780 1076 968 1159 aliquando,
994 1089 1031 1137 ut
1047 1076 1112 1137 hoc
1133 1070 1203 1157 ipio
1225 1092 1268 1135 or·

224 1180 311 1263 pite:
347 1180 389 1238 Irr
409 1171 507 1261 flexu,
531 1178 647 1259 inquit,
672 1170 748 1268 ipsa
767 1176 906 1251 edicta,-
930 1191 1026 1240 extra
1045 1190 1155 1239 auteur
1169 1174 1270 1259 Lycio

173 1353 177 1359 ¹
225 1294 259 1343 et
275 1280 484 1361 Pamphylio,
509 1298 585 1341 cum
602 1278 732 1344 Ciliciae
753 1281 883 1362 propior
901 1280 938 1341 stt
951 1278 1154 1361 Pamphylia,
1177 1296 1269 1359 quern

225 1381 337 1462 Lycia.
374 1398 590 1444 ctaccourve.
647 1381 701 1443 Etr
723 1380 801 1443 haec
820 1381 945 1463 aliqua,
976 1394 1009 1445 at
1030 1398 1143 1462 parum
1169 1379 1270 1443 relide

224 1482 396 1545 excusandi
413 1482 517 1553 causa,
544 1496 579 1544 et
593 1502 676 1564 quae
698 1484 912 1567 negligentiae
928 1484 1054 1563 eulpam
1070 1502 1137 1543 nou
1160 1480 1268 1543 diluet.
1312 1480 1314 1533 ἶ

226 1583 393 1649 Nimirum
409 1584 487 1647 haee
501 1603 542 1647 ex
558 1579 786 1670 progreffiouie
802 1582 880 1649 ierie
898 1584 1067 1647 diiudicari
1087 1582 1222 1647 debent.
1244 1664 1247 1669 Ι

302 1809 349 1849 ex
375 1787 598 1871 Scythico)
649 1788 704 1850 Vti
726 1786 827 1871 iupra.
863 1788 913 1850 De
933 1786 1004 1871 ipio
1024 1805 1151 1860 errore,
1174 1802 1271 1871 quem

90 1949 94 1955 .
224 1890 416 1972 interpretes
435 1903 608 1960 notarunt,
632 1890 720 1953 alibi.

302 2090 539 2186 angustior)
573 2094 658 2177 Quia
675 2095 710 2155 in
726 2094 869 2157 nostrum
884 2114 971 2156 mare
985 2048 1154 2167 inclinent,
1174 2076 1270 2155 inte'n

224 2195 395 2271 contrahit.
431 2214 618 2260 vnorrnve.
672 2197 780 2259 Nimia
800 2198 864 2258 hoc
884 2200 1100 2277 praemature,
1130 2213 1211 2271 curn
1231 2194 1269 2255 de

223 2294 429 2377 sequentibus
452 2297 565 2359 valeat.
613 2298 745 2370 ¹immo,
775 2299 863 2380 quod
888 2296 992 2380 ipsunt
1015 2298 1136 2357 indicat
1157 2294 1270 2367 noster.

221 2412 355 2483 propter
374 2399 564 2478 Scythicum
587 2399 766 2469 Oceanum,
792 2418 891 2480 aquo
909 2413 1044 2460 tractum
1062 2398 1161 2477 illum
1178 2416 1268 2459 ooeu·

213 2498 291 2583 ‘pari
310 2500 498 2568 credebant,
526 2499 583 2559 ubi
605 2500 703 2563 hodie
727 2501 770 2561 est
791 2515 871 2562 terra
890 2504 1073 2563 continent.
1124 2486 1268 2579 Recipe,

222 2601 342 2677 accipit
364 2600 468 2689 noster
488 2602 528 2661 de
552 2602 649 2669 mari,
684 2602 767 2673 iinu,
802 2616 901 2672 terra,
934 2605 969 2663 in
1002 2620 1083 2685 quae
1109 2600 1268 2673 Oceanus,

224 2719 336 2763 arnnee
358 2713 487 2771 exeunt,
511 2701 564 2760 vei
585 2715 761 2782 penetrant.
800 2705 871 2766 Vid.
889 2718 920 2785 5,
947 2722 975 2774 t,
995 2704 1028 2767 fi.
1059 2716 1092 2785 5,
1114 2714 1149 2785 8,
1173 2718 1211 2769 Ω.
1241 2722 1271 2775 t,

229 2822 259 2874 r,
281 2815 316 2882 3.
353 2803 407 2865 Sie
429 2802 482 2865 hio
501 2801 607 2885 postea
627 2805 778 2885 excipere.

298 3028 416 3090 quam
434 2997 623 3097 fuerat)
670 3009 742 3070 Hoc
772 3009 811 3069 ad
842 3007 980 3071 vetustae
1004 3008 1147 3090 picturae
1171 3008 1269 3072 iidem

223 3109 344 3173 retulit.
380 3108 490 3172 Hodie
506 3107 619 3171 falsum
641 3109 702 3173 ede
723 3129 821 3171 uento
840 3108 949 3172 nescit.
978 3128 1167 3176 raumara.

290 3304 426 3401 finem
435 3311 455 3395 )
505 3315 579 3375 Hoc
593 3313 636 3376 ett
654 3314 692 3373 ad
714 3326 807 3395 eaput
823 3312 933 3373 Bonae
947 3313 1042 3394 Spei,
1066 3311 1179 3377 verine
1202 3334 1268 3379 rne-

216 3413 357 3484 ridiern,
387 3429 420 3474 et
442 3416 585 3485 Tanain,
611 3413 721 3477 reriua
751 3413 1026 3496 septemtrionem.
1066 3434 1266 3481 ournntve.

221 3517 273 3579 Ad
295 3517 467 3587 terminon,
498 3516 614 3597 quibua
634 3515 788 3598 separatur
807 3514 912 3597 Africa
930 3530 963 3578 et
986 3517 1126 3598 Europa.
1163 3536 1267 3581 onan·

223 3635 301 3680 vtae
323 3617 402 3679 MS.
454 3617 515 3680 Vbi
537 3618 590 3679 vel
612 3618 771 3689 hominen,
797 3619 851 3678 vei
874 3615 937 3699 ipsa
955 3632 1064 3678 natura
1081 3621 1270 3683 terminarit

221 3718 471 3802 appellationem
491 3720 595 3792 Anae,
630 3734 662 3781 et
685 3724 832 3804 regiones
855 3721 915 3781 aiio
935 3722 1067 3782 nomine
1084 3738 1270 3787 occurrunt.

224 3838 250 3881 r.
273 3839 467 3883 orrouovtvr
490 3821 565 3883 MS.
619 3823 768 3903 Europae
791 3840 812 3882 a
832 3818 1078 3902 septemtrione,
1105 3818 1231 3889 Africae
1252 3846 1268 3887 a

222 3923 367 3983 meridie.
421 3922 501 3984 Ideo
524 3924 568 3984 ait
588 3923 688 3986 altero
713 3943 815 3985 cornu
837 3923 875 3984 ad
899 3924 1035 3985 Tarraim
1053 3942 1143 3994 eam,
1170 3928 1270 3989 altero

222 4023 262 4085 ad
287 4021 401 4083 Nilum
426 4043 569 4109 pergere.
629 4024 714 4087 Nam
748 4024 887 4087 mediam
919 4025 1020 4087 aestuo
1050 4027 1147 4088 marie
1174 4028 1271 4091 nostri

222 4122 388 4189 cohibent.
415 4144 599 4192 vauranve.
641 4128 743 4192 Recte
758 4124 847 4190 haee.
882 4124 968 4189 Nam
984 4126 1024 4190 de
1040 4129 1143 4211 capite
1157 4128 1273 4201 Bonae
