2634 4716
200 437 252 499 art
278 438 416 513 nour.
446 438 555 505 uer.
595 442 632 501 ι.
653 444 678 498 ι.
720 442 753 502 c.
775 443 842 502 xu.
882 441 963 515 ea.
1035 454 1105 523 ³7*

58 632 139 679 nore
155 614 333 679 conditore.
359 604 663 697 (Curtiuesy.4.15'.
684 615 739 677 ubi
753 617 820 681 vid.
834 608 1105 697 Freinshemius.)
1139 672 1142 676 .

51 715 204 801 ¹Priscum
225 729 332 779 tamen
356 735 477 780 nomeu
498 717 622 779 haestlle
650 719 775 779 videtur
799 721 886 801 apitd
910 722 1040 783 Latione
1062 724 1098 785 iu

48 836 139 899 ¹voco
159 818 276 890 Sarra.
309 836 389 900 qnae
410 814 521 901 paffim
544 818 697 889 occurrit.
730 819 830 881 veluti
853 822 937 905 apud
956 822 1097 889 Gellium

64 930 120 1001 14.
142 920 176 984 6.
207 919 334 982 Festum
359 920 393 982 b.
415 940 449 985 v.
472 953 520 971 -
550 933 584 982 et
608 916 807 1003 frequentina
830 921 990 985 Sarrunur
1011 924 1097 1007 uprqql

57 1035 180 1105 poetar.
205 1018 320 1084 sitium
336 1022 370 1081 in
387 1020 509 1103 primia.
534 1035 576 1117 ut
588 1020 716 1113 oslrrrm.
739 1034 856 1093 maareac.
881 1022 969 1085 viola
989 1059 1036 1073 --
1060 1027 1100 1095 in

49 1123 183 1201 ,Lexicie
198 1135 307 1185 notata
321 1135 383 1185 eta
398 1122 557 1185 llocharto
572 1123 606 1183 in
621 1122 722 1186 Chan.
736 1140 767 1191 a.
784 1143 837 1187 to.
854 1127 899 1185 in.
931 1123 981 1191 Cf.
998 1128 1097 1207 etiam

51 1220 224 1295 lleluesrue
242 1224 282 1287 de
298 1224 406 1309 lingua
426 1224 547 1286 Punica
570 1244 637 1307 cap.
655 1238 689 1303 3.
709 1229 739 1303 §.
758 1227 792 1288 6.
811 1241 844 1299 7.
897 1228 1097 1308 Autiquitate

56 1323 145 1407 cedit
167 1324 300 1397 Sidoni.
333 1326 453 1409 quippe
475 1345 570 1408 quam
591 1327 688 1387 novit
709 1326 888 1398 Homerus,
923 1347 991 1389 non
1015 1330 1096 1405 item

56 1424 200 1516 Tyrum.
234 1427 282 1487 uti
302 1439 336 1488 et
363 1441 454 1509 notat
476 1427 588 1488 Strabo
610 1428 664 1491 ι6.
688 1448 718 1513 p.
736 1443 821 1504 520.
844 1427 866 1490 l.
891 1430 976 1505 756.
1002 1444 1035 1515 et
1056 1431 1095 1491 ab

46 1518 294 1610 ,luins'etvihue
316 1546 401 1590 anuo
426 1545 500 1592 ante
522 1529 695 1590 Troianam
722 1529 842 1591 cladem
872 1530 999 1593 condita
1022 1529 1095 1611 fuit.

56 1641 187 1693 auctore
205 1627 325 1693 tustino
345 1640 399 1706 ιιι,
418 1642 450 1709 3.
467 1643 500 1707 5.
534 1628 707 1691 secundum
727 1625 900 1712 losephum
920 1632 955 1691 in
973 1634 1099 1721 antiqu.
1124 1630 1127 1636 ’

55 1729 132 1795 iud.
149 1740 182 1809 8.
200 1740 244 1809 3.
255 1751 285 1794 ι.
307 1731 399 1793 annia
415 1741 487 1811 240
504 1746 577 1793 ante
593 1732 758 1793 conditum
775 1733 931 1813 templum
948 1731 1096 1799 Hieroso·

43 1831 261 1912 ,lymltauum
288 1831 359 1902 etsi.
385 1832 473 1915 quod
493 1835 544 1903 fit.
569 1834 602 1892 iu
626 1831 675 1895 hia
695 1833 792 1914 aliqui
813 1834 957 1914 paullum
981 1836 1095 1915 diacre·

55 1946 152 2017 pauc.
177 1944 214 1993 ut
230 1932 277 1993 ibi
291 1946 404 1995 monet
422 1935 669 2015 Havercampua.
708 1935 771 1995 Sed
790 1935 1036 1997 virl.Weinricl1
1055 1938 1096 2006 da

44 2036 158 2119 'prima
177 2034 259 2112 Tyri
273 2035 409 2117 origine,
431 2033 555 2098 observ.
573 2035 631 2107 67.
648 2037 681 2094 in
698 2033 830 2096 lllilcell.
853 2033 934 2117 Lipl.
951 2038 1048 2101 Tum.
1062 2051 1097 2117 3.

57 2156 92 2220 p.
110 2133 185 2217 264
199 2133 262 2217 qu.
290 2137 378 2197 etde
394 2135 543 2197 Fontenu
559 2132 744 2197 recherches
761 2132 812 2197 lur
830 2136 858 2196 la
873 2134 1039 2199 fondation
1056 2143 1097 2223 clo
1217 2204 1221 2214 ,

55 2239 89 2299 la
110 2235 186 2297 ville
201 2238 247 2300 ale
261 2237 329 2316 Tyr
345 2238 379 2296 iu
396 2235 464 2299 hist.
489 2237 528 2299 tle
545 2236 654 2297 l'acad.
677 2237 732 2299 dea
754 2234 859 2297 iuscrr.
879 2266 926 2279 -
952 2239 992 2301 de
1007 2222 1096 2323 Paria

56 2338 99 2405 Τ..
124 2322 178 2421 ιθ.
194 2357 227 2419 p.
247 2350 290 2413 r7
308 2335 370 2419 [qq.
398 2339 454 2419 qui
471 2340 538 2399 eiua
557 2339 780 2418 antiquitatem
799 2338 878 2399 ultra
897 2337 1018 2419 aliquot
1035 2338 1096 2418 lae·

47 2439 127 2507 ¹cula
143 2452 216 2519 ante
232 2436 556 2502 Nabuchodouoloria
573 2457 707 2523 regnum
723 2452 879 2503 removet.
932 2438 1000 2522 lpla
1018 2458 1099 2522 vero

56 2542 155 2604 etiam
171 2540 287 2603 mtaltaa
301 2538 395 2603 urbea
410 2537 607 2609 fundaverat.
627 2560 703 2621 quaa
717 2555 972 2603 commemorant
986 2538 1097 2625 patim

57 2654 220 2712 auctores,
247 2655 285 2703 tat
305 2642 452 2723 Leptim.
478 2642 621 2710 Uticam.
647 2640 904 2725 Carthaginem.¹
919 2643 1022 2705 Gadee
1046 2669 1097 2688 -

60 2745 132 2807 Vid.
149 2742 231 2805 Plio.
250 2755 284 2820 5.
306 2741 463 2822 17.l.19.
492 2743 629 2822 Curta.
653 2762 706 2821 ¹9·
725 2758 783 2805 oo.
805 2772 854 2791 -ὴ
883 2744 973 2828 Quae
988 2759 1097 2812 autern

58 2846 99 2906 de
118 2846 186 2906 eiua
201 2846 385 2931 antiquitate
403 2859 632 2913 memorantur.
658 2846 696 2905 ad
715 2845 900 2923 Palaetyron
920 2843 1028 2909 referri
1045 2845 1098 2921 de·

43 2945 155 3017 .bent.
183 2965 261 3029 quae
283 2946 418 3016 Latinio.
447 2946 548 3009 veluti
567 2944 680 3008 Curtio
700 2955 733 3025 4.
751 2961 785 3012 Ω.
812 2957 865 3021 18.
901 2945 1021 3008 lullino
1042 2964 1097 3017 tr.

65 3067 121 3119 to.
145 3066 200 3115 rt.
222 3060 313 3107 vetus
340 3047 453 3129 Tyros.
480 3042 590 3129 paffim
615 3049 730 3117 etiam.
764 3047 813 3107 uti
837 3046 872 3107 fit
898 3047 932 3108 iu
960 3046 1097 3118 Graecia.

42 3141 80 3235 ,ἦ
96 3142 311 3234 Πᾶλαὲτυρος
326 3149 378 3209 vel
394 3142 498 3210 πάλαι
514 3140 620 3234 Τύρος
636 3150 763 3218 dicitur.
780 3148 925 3210 Diodoro
940 3144 1098 3225 17,40.f.

44 3243 79 3335 ,ἢ
98 3243 230 3315 παλαιά
252 3240 367 3335 Τύρος.
419 3250 523 3329 Atque
545 3250 622 3311 haec
644 3247 705 3309 luit
729 3250 842 3318 Sarra.
871 3248 910 3310 de
925 3269 986 3330 qua
1009 3245 1099 3330 [upra

59 3352 144 3420 dixi.
177 3364 211 3413 et
232 3363 343 3412 monet
366 3345 490 3412 Vollrue
509 3351 547 3412 ad
575 3351 737 3430 Scylacem
762 3370 794 3432 p.
821 3370 900 3412 tot.
923 3350 973 3412 ed.
997 3349 1098 3413 Grou.

60 3450 120 3513 ubi
142 3451 248 3534 plures
268 3451 348 3531 Tyri
369 3466 605 3520 memorantur.
622 3448 693 3514 etti
716 3452 873 3533 corruptio
901 3450 1100 3514 nominibua.

58 3551 202 3633 Dillabat
216 3552 292 3615 haec
305 3552 485 3633 Palaetyrua
499 3550 610 3632 a'l'y'ro
627 3552 752 3614 insulari
769 3552 824 3614 lec.
841 3552 1030 3614 Strabonem
1040 3552 1100 3616 cl.

63 3666 111 3735 5⁰
137 3652 250 3715 stadiia.
288 3653 482 3719 'Alexandri
509 3668 653 3735 tempore
678 3652 818 3715 ever-lam
844 3652 981 3723 iacuille.
1015 3666 1100 3725 certe

59 3773 174 3838 parum
189 3754 361 3817 habitatam
377 3752 474 3826 inille.
490 3755 619 3837 adparet
634 3774 671 3817 ex
689 3774 738 3834 eo.
759 3754 844 3834 quod
862 3755 936 3816 iude
951 3772 1101 3837 maguam

59 3854 208 3919 latrorum
226 3855 296 3917 vim
313 3856 353 3939 ad
374 3875 467 3936 opera
487 3855 658 3919 obsidionis
681 3853 799 3917 iul'ulae
822 3854 1022 3937 conquisivit.
1049 3872 1101 3935 au·

59 3956 472 4039 ctoreCurti04.a.18.
510 3954 561 4021 Cf.
588 3958 684 4019 etiam
706 3958 841 4019 Diutlor.
863 3974 889 4017 c.
912 3954 934 4019 l.
987 3957 1102 4036 liquo
1233 3981 1236 3985 ·

57 4071 169 4141 autem
189 4054 286 4121 fuerit
305 4056 428 4131 everla.
457 4076 496 4119 an
517 4056 557 4119 ab
579 4058 650 4141 ipsae
671 4058 811 4139 lncolie.¹
830 4074 904 4119 cum
927 4056 961 4118 in
981 4076 1102 4121 novam

59 4160 189 4242 Tyrum
202 4162 400 4248 migrarent,
426 4154 539 4245 sponte
559 4154 660 4224 luerit
677 4158 800 4231 relicta.
826 4158 866 4220 tle
891 4174 931 4223 eo
957 4168 1102 4246 pugnant

688 4260 793 4327 Δια
