2634 4716
265 410 317 469 ru
344 406 481 467 roura.
510 404 617 465 unt.
658 402 693 461 1..
713 406 737 460 r.
778 404 812 462 c.
832 400 911 463 m.
951 402 1062 501 ορ.Ι
1103 400 1166 481 ⁶⁰³

130 580 230 647 Multi
255 581 373 642 eodem
393 575 530 641 nomine
550 579 717 661 desrgnaut
738 575 839 641 etiam
860 598 1032 662 campum,
1057 575 1168 645 πεδίον
1224 656 1227 662 Ι

129 686 184 747 vel
203 680 303 747 etiam
317 676 451 767 χώραν,
478 696 516 743 ιιι
530 682 646 743 Strabo
667 703 695 743 1.
715 701 746 763 p.
767 682 824 755 36.
841 678 862 740 i.
880 693 938 757 52.
966 699 1022 743 ra.
1037 696 1167 763 p.377.

132 786 156 849 s.
171 797 255 865 547.
280 800 313 847 et
335 780 498 867 epitome,
537 783 720 845 Hecataeus
751 779 839 863 apud
867 782 1070 865 Stephanum
1092 782 1112 844 s.
1134 805 1169 849 v.

130 884 281 955 Χαδισία,
307 905 430 969 perque
445 904 523 944 euru
537 903 691 966 campum
702 876 818 946 Strabo
834 879 891 944 lib.
907 900 960 945 to.
976 904 1005 946 c.
1021 884 1042 946 l.
1065 884 1170 946 Ther·
1236 916 1240 925 ·

131 988 326 1051 modontonr
348 1001 381 1048 et
401 983 523 1047 Itidem
544 984 586 1045 ad
607 1004 696 1046 mare
720 980 865 1046 deduhit.
917 972 973 1047 Sic
993 985 1083 1068 apud
1104 982 1170 1049 Pli-

132 1087 229 1153 nium
244 1091 278 1161 6,
295 1087 359 1166 3.f.
385 1098 442 1167 24,
464 1104 543 1151 roa.
555 1085 575 1148 f.
590 1102 644 1161 17.
664 1076 899 1176 Themiscyrena
913 1089 995 1168 regio
1011 1085 1170 1160 occurrit,

137 1181 340 1282 Therut'scyrt'r'
360 1190 466 1269 cantui
488 1187 576 1271 apud
598 1183 706 1249 lustin.
727 1205 759 1258 ο,
777 1197 813 1266 4,
838 1205 870 1249 o.
903 1187 1028 1250 Sallust.
1054 1187 1171 1272 fragm.

133 1289 193 1358 lib.
218 1293 258 1359 6,-
284 1306 337 1367 ι5.
380 1290 473 1353 Curt„
495 1312 525 1360 t,
546 1306 578 1360 o,
604 1301 657 1368 ¹5·
680 1289 734 1349 vel
755 1279 984 1379 Themiscyrae,
1018 1289 1110 1353 Curt.
1136 1291 1173 1364 6,

135 1407 171 1473 5,
191 1405 249 1473 ort.
273 1382 500 1481 Themiscyroei
522 1387 662 1467 (melina
685 1410 744 1479 per
765 1412 781 1449 ο
802 1407 863 1472 pro
882 1394 939 1470 ae)
967 1387 1054 1461 luci,
1089 1410 1174 1476 quot

133 1490 345 1556 interlabitur
362 1491 590 1563 Thermodon,
610 1489 773 1555 Ammian.
794 1481 852 1561 cc,
870 1500 903 1567 8.
941 1491 1006 1553 Sed
1020 1493 1173 1575 Apollon.

134 1595 242 1659 Rhod.
262 1611 294 1666 c,
313 1588 395 1671 373.
417 1608 514 1655 vocat
533 1591 691 1666 Δοίαντος
709 1588 818 1654 πεδίον
840 1605 874 1652 et
900 1613 932 1654 ν.
950 1603 1034 1672 988.
1062 1589 1179 1658 Δονᾰν·

133 1719 221 1767 τιον,
247 1693 304 1757 ubi
322 1693 364 1756 cf.
385 1695 496 1756 Schol.
547 1696 585 1756 ln
605 1690 717 1755 Nonui
737 1689 871 1772 Dionys.
894 1708 948 1770 13,
971 1695 1055 1772 516.
1081 1690 1180 1761 δαίπο·
1250 1700 1254 1709 ’

136 1795 191 1861 δον
211 1794 368 1865 Δοίαντος
388 1813 507 1879 proco
528 1792 660 1879 legitur.
713 1794 844 1857 Nomen
862 1791 962 1855 traxit
978 1816 996 1856 a
1012 1796 1176 1879 Doeante,

136 1900 263 1976 (Schol.
278 1898 384 1979 Apoll.
400 1896 442 1956 ad
459 1914 489 1964 u.
507 1910 591 1972 373.
606 1911 639 1957 et
652 1898 752 1975 988.)
779 1891 856 1979 quia
870 1891 935 1954 fuit
949 1889 1045 1969 πόλις
1059 1894 1178 1985 Ἕλλη.

137 1991 198 2070 νίς,
222 1998 380 2076 (Scylax)
410 2009 445 2057 et
470 1991 550 2057 hinc
572 1992 785 2072 Themiscyra
809 1990 960 2067 Δοιαντὶς
987 1993 1111 2058 dicitur
1135 1998 1177 2063 ab

138 2100 274 2187 Orpheo
291 2119 322 2159 ν.
339 2109 422 2171 757.
448 2091 499 2157 uti
517 2113 577 2180 pro
592 2084 740 2165 Botovrit
755 2095 933 2155 voluerunt
952 2092 1017 2155 viri
1038 2096 1128 2160 docti
1143 2114 1179 2162 et

137 2221 245 2286 nuper
260 2194 408 2282 reposuit
418 2193 651 2257 Schneideruu.
687 2196 737 2256 De
751 2190 824 2255 aliie
843 2191 1036 2257 nominihus
1050 2196 1179 2263 dictum

141 2303 185 2367 est
202 2316 307 2364 autea.
342 2299 393 2358 De
411 2294 540 2359 sedibus
558 2293 646 2358 notia
662 2296 869 2359 Amazonum
888 2295 929 2357 cs.
948 2295 1037 2360 Petit
1059 2299 1111 2361 sur
1130 2303 1180 2365 lea

139 2408 323 2472 Amazones
344 2419 417 2484 pag.
436 2411 507 2476 547
525 2396 592 2482 [44.
619 2412 652 2459 et
677 2399 796 2476 Guyon
821 2394 890 2457 hiu
915 2397 972 2459 dea
987 2399 1200 2466 *Amazouw
1275 2418 1278 2423 ·

139 2528 173 2593 p.
195 2521 261 2580 130
278 2501 343 2586 [qq.
379 2497 467 2562 Hinc
487 2495 576 2582 ipsae
594 2496 695 2562 etiam
711 2494 958 2577 Themiscyriae
973 2498 1040 2584 (ει)
1057 2523 1186 2566 vocatu·

141 2623 196 2669 tur
218 2606 258 2666 ab
282 2597 459 2685 Apollonio
480 2601 543 2662 Rh.
568 2618 599 2670 o,
623 2613 707 2680 995.
731 2615 774 2672 et,
805 2619 905 2683 quatu
928 2619 959 2669 α.
985 2616 1067 2677 57ι.
1094 2600 1181 2671 dixit

143 2695 371 2793 Θεμισκύρειον
393 2694 512 2789 ἄκρην,
544 2699 614 2784 post
635 2724 667 2763 v.
685 2703 769 2781 965.
798 2696 1015 2787 Ἀμαζονίδων
1035 2698 1182 2795 λιμενήο-

142 2829 209 2896 χον
231 2800 333 2893 α”κρην
355 2802 457 2865 efl'ert.
495 2802 633 2866 Portum
647 2817 833 2866 memorant
846 2802 1037 2889 Apollodor.
1050 2823 1083 2880 c,
1096 2820 1131 2887 5,
1143 2818 1184 2891 9.·

144 2911 255 2975 Schol.
272 2906 436 2991 Lycophr.
452 2904 495 2968 ad
512 2927 544 2967 ν.
565 2919 670 2982 ι5ο7.

219 3106 485 3190 Amazonum)
534 3110 585 3170 De
611 3103 756 3193 antiquie
784 3128 898 3171 earum
921 3106 1048 3174 sedrhur
1069 3112 1179 3179 versu·

145 3209 411 3297 septemtrionem
428 3224 461 3269 ot
476 3211 561 3271 ultra
575 3209 724 3271 Pontum
735 3208 777 3272 cf.
794 3208 879 3273 inira
902 3212 943 3273 ad
959 3214 989 3295 §-
1009 3231 1062 3295 ¹9·
1083 3231 1117 3279 et
1136 3216 1181 3283 tul
1297 3272 1304 3277 .

147 3331 183 3394 3,
200 3327 234 3391 5,
258 3336 286 3375 ι.
322 3307 489 3380 stauai,
512 3308 677 3373 incertum
694 3331 793 3395 quam
810 3314 853 3374 ob
875 3312 1020 3386 causam,
1043 3316 1110 3381 huc
1129 3317 1177 3383 di·

146 3416 266 3501 gress'ae
287 3412 379 3483 sunt,
410 3407 552 3473 ut'dicit
572 3410 697 3475 Sallust.
719 3412 806 3496 apud
830 3410 982 3478 Serrium
1004 3416 1044 3479 ad
1064 3416 1178 3505 virgil.

147 3520 229 3584 Aen.
249 3537 305 3584 rr.
323 3514 407 3592 659.
436 3510 495 3574 ubi
520 3514 677 3574 Threiciae
696 3510 778 3577 hinc
792 3515 997 3599 adpellantur
1011 3515 1035 3583 i.
1050 3540 1079 3587 e.
1100 3522 1178 3603 Scy·

147 3617 258 3683 thicae
278 3616 298 3677 s.
317 3611 516 3676 Sarmaticae
535 3612 626 3675 sensu
646 3612 766 3679 latiori.
817 3616 845 3679 E
866 3616 996 3698 Scythia
1013 3621 1104 3690 euim
1120 3646 1177 3691 ve-

147 3718 229 3785 niffe
248 3719 345 3779 docet
367 3718 459 3776 locus
482 3713 626 3776 classicus
648 3714 759 3778 lustini
779 3734 810 3790 o,
829 3732 863 3800 4.
880 3717 926 3785 in.
971 3722 1107 3791 causam
1120 3751 1178 3795 ιχ.

149 3818 247 3909 ponit
267 3813 460 3881 Ammianua
479 3834 535 3886 oe,
554 3828 586 3892 8.
618 3815 802 3898 Hyrcaniae
823 3819 977 3887 finitimae
995 3826 1076 3893 feeit
1092 3830 1176 3897 cm.

150 3920 216 3985 tius
233 3922 267 3990 6,
283 3933 318 3999 5,
339 3930 394 3997 aa„
417 3915 452 3980 in
473 3917 638 3991 Caucaso,
664 3940 727 4005 qua
741 3942 831 3987 marc
844 3926 1030 4003 Hyrcanum
1042 3931 1174 4016 spent,

150 4019 248 4109 ponit
266 4022 462 4084 Plutarchus
479 4017 516 4081 iu
533 4017 694 4105 Pompeio
715 4041 785 4109 cap.
802 4036 860 4106 35.
885 4044 918 4093 et
933 4026 1012 4095 inde
1032 4034 1101 4100 ht
1118 4060 1175 4100 η.

151 4121 229 4188 niue
246 4118 419 4187 contendit
429 4122 570 4209 Procop.
590 4120 634 4185 de
648 4124 686 4189 B.
703 4124 801 4195 (ioth.
816 4140 853 4215 4,
871 4144 905 4212 3.
937 4132 1178 4223 ctlfiqh
