<?xml version="1.0" encoding="UTF-8"?>
<!DOCTYPE html PUBLIC "-//W3C//DTD XHTML 1.0 Transitional//EN"
    "http://www.w3.org/TR/xhtml1/DTD/xhtml1-transitional.dtd">
<html xmlns="http://www.w3.org/1999/xhtml" xml:lang="en" lang="en">
 <head>
  <title>
</title>
<meta http-equiv="Content-Type" content="text/html;charset=utf-8" />
  <meta name='ocr-system' content='tesseract 3.04.00' />
  <meta name='ocr-capabilities' content='ocr_page ocr_carea ocr_par ocr_line ocrx_word'/>
</head>
<body>
  <div class='ocr_page' id='page_1' title='image "./desitvorbislibr00melagoog_0109.png"; bbox 0 0 2634 4716; ppageno 0'>
   <div class='ocr_carea' id='block_1_1' title="bbox 208 368 988 468">
    <p class='ocr_par' dir='ltr' id='par_1_1' title="bbox 208 352 1177 468">
     <span class='ocr_line' id='line_1_1' title="bbox 208 368 988 468; baseline -0.002 -1"><span class='ocrx_word' id='word_1_1' title='bbox 208 415 271 467; x_wconf 76' lang='lat'>¹02</span> <span class='ocrx_word' id='word_1_2' title='bbox 449 368 642 468; x_wconf 59' lang='lat' dir='ltr'>[noran</span> <span class='ocrx_word' id='word_1_3' title='bbox 681 405 988 464; x_wconf 74' lang='lat' dir='ltr'>axnarrrcra</span> 
     </span>
    </p>
   </div>
   <div class='ocr_carea' id='block_1_2' title="bbox 203 575 1302 1892">
    <p class='ocr_par' dir='ltr' id='par_1_2' title="bbox 207 575 1282 766">
     <span class='ocr_line' id='line_1_2' title="bbox 213 575 1282 666; baseline -0.005 -20"><span class='ocrx_word' id='word_1_4' title='bbox 213 605 243 655; x_wconf 85' lang='lat' dir='ltr'>t,</span> <span class='ocrx_word' id='word_1_5' title='bbox 275 603 305 653; x_wconf 85' lang='lat'>1,</span> <span class='ocrx_word' id='word_1_6' title='bbox 333 581 366 645; x_wconf 90' lang='lat'>6.</span> <span class='ocrx_word' id='word_1_7' title='bbox 409 575 466 644; x_wconf 88' lang='lat' dir='ltr'>Sic</span> <span class='ocrx_word' id='word_1_8' title='bbox 489 581 606 642; x_wconf 87' lang='lat' dir='ltr'>Strabo</span> <span class='ocrx_word' id='word_1_9' title='bbox 631 600 662 644; x_wconf 78' lang='lat' dir='ltr'>a.</span> <span class='ocrx_word' id='word_1_10' title='bbox 686 602 718 666; x_wconf 87' lang='lat' dir='ltr'>p.</span> <span class='ocrx_word' id='word_1_11' title='bbox 744 582 947 657; x_wconf 75' lang='lat' dir='ltr'><strong>87.s.126.</strong></span> <span class='ocrx_word' id='word_1_12' title='bbox 980 575 1115 658; x_wconf 82' lang='lat' dir='ltr'>Dionys.</span> <span class='ocrx_word' id='word_1_13' title='bbox 1138 602 1170 641; x_wconf 86' lang='lat' dir='ltr'>v.</span> <span class='ocrx_word' id='word_1_14' title='bbox 1199 587 1282 656; x_wconf 72' lang='lat'><strong>¹8·&#39;</strong></span> 
     </span>
     <span class='ocr_line' id='line_1_3' title="bbox 207 679 1257 766; baseline -0.005 -19"><span class='ocrx_word' id='word_1_15' title='bbox 207 685 313 747; x_wconf 80' lang='lat' dir='ltr'>Varro,</span> <span class='ocrx_word' id='word_1_16' title='bbox 331 683 419 766; x_wconf 84' lang='lat' dir='ltr'>apud</span> <span class='ocrx_word' id='word_1_17' title='bbox 435 680 620 747; x_wconf 74' lang='lat' dir='ltr'>charisium</span> <span class='ocrx_word' id='word_1_18' title='bbox 636 679 710 746; x_wconf 85' lang='lat' dir='ltr'><strong>Lib.</strong></span> <span class='ocrx_word' id='word_1_19' title='bbox 733 706 761 747; x_wconf 86' lang='lat' dir='ltr'>t.</span> <span class='ocrx_word' id='word_1_20' title='bbox 782 705 816 766; x_wconf 75' lang='lat' dir='ltr'>p,</span> <span class='ocrx_word' id='word_1_21' title='bbox 832 693 893 764; x_wconf 79' lang='lat'>45.</span> <span class='ocrx_word' id='word_1_22' title='bbox 920 679 1121 761; x_wconf 84' lang='lat' dir='ltr'>(in&#39;Putsch.</span> <span class='ocrx_word' id='word_1_23' title='bbox 1141 684 1257 744; x_wconf 85' lang='lat' dir='ltr'>Gram-</span> 
     </span>
    </p>

    <p class='ocr_par' dir='ltr' id='par_1_3' title="bbox 207 781 1256 870">
     <span class='ocr_line' id='line_1_4' title="bbox 207 781 1256 870; baseline -0.001 -22"><span class='ocrx_word' id='word_1_24' title='bbox 207 789 306 863; x_wconf 85' lang='lat' dir='ltr'>mat.)</span> <span class='ocrx_word' id='word_1_25' title='bbox 341 782 443 848; x_wconf 74' lang='lat' dir='ltr'>silius</span> <span class='ocrx_word' id='word_1_26' title='bbox 460 787 532 849; x_wconf 85' lang='lat' dir='ltr'>ital.</span> <span class='ocrx_word' id='word_1_27' title='bbox 554 807 584 858; x_wconf 93' lang='grc'>1,</span> <span class='ocrx_word' id='word_1_28' title='bbox 607 786 688 869; x_wconf 83' lang='lat'><strong>196.</strong></span> <span class='ocrx_word' id='word_1_29' title='bbox 721 781 808 849; x_wconf 89' lang='lat' dir='ltr'>Plin.</span> <span class='ocrx_word' id='word_1_30' title='bbox 827 800 860 862; x_wconf 85' lang='lat'>3,</span> <span class='ocrx_word' id='word_1_31' title='bbox 888 807 916 848; x_wconf 85' lang='lat' dir='ltr'>r.</span> <span class='ocrx_word' id='word_1_32' title='bbox 937 781 1080 870; x_wconf 87' lang='lat' dir='ltr'>aliique,</span> <span class='ocrx_word' id='word_1_33' title='bbox 1107 803 1191 870; x_wconf 83' lang='lat' dir='ltr'>quoa</span> <span class='ocrx_word' id='word_1_34' title='bbox 1210 799 1256 847; x_wconf 91' lang='lat' dir='ltr'>et-</span> 
     </span>
    </p>

    <p class='ocr_par' dir='ltr' id='par_1_4' title="bbox 208 882 1257 972">
     <span class='ocr_line' id='line_1_5' title="bbox 208 882 1257 972; baseline -0.002 -22"><span class='ocrx_word' id='word_1_35' title='bbox 208 885 277 950; x_wconf 84' lang='lat' dir='ltr'>iam</span> <span class='ocrx_word' id='word_1_36' title='bbox 296 884 410 951; x_wconf 87' lang='lat' dir='ltr'>innuit</span> <span class='ocrx_word' id='word_1_37' title='bbox 424 887 632 971; x_wconf 74' lang='lat' dir='ltr'>Agathemer.</span> <span class='ocrx_word' id='word_1_38' title='bbox 652 910 681 960; x_wconf 90' lang='lat'>1,</span> <span class='ocrx_word' id='word_1_39' title='bbox 709 911 739 951; x_wconf 91' lang='grc'>1.</span> <span class='ocrx_word' id='word_1_40' title='bbox 790 888 1036 972; x_wconf 80' lang='lat' dir='ltr'>contraquam</span> <span class='ocrx_word' id='word_1_41' title='bbox 1059 882 1257 971; x_wconf 86' lang='lat' dir='ltr'>opinionem</span> 
     </span>
    </p>

    <p class='ocr_par' dir='ltr' id='par_1_5' title="bbox 203 986 1302 1892">
     <span class='ocr_line' id='line_1_6' title="bbox 207 986 1302 1075; baseline -0.002 -23"><span class='ocrx_word' id='word_1_42' title='bbox 207 987 350 1075; x_wconf 79' lang='lat' dir='ltr'>insurgit</span> <span class='ocrx_word' id='word_1_43' title='bbox 365 990 556 1053; x_wconf 77' lang='lat' dir='ltr'>Herodotus</span> <span class='ocrx_word' id='word_1_44' title='bbox 576 1008 608 1063; x_wconf 79' lang='lat' dir='ltr'>a,</span> <span class='ocrx_word' id='word_1_45' title='bbox 631 1007 685 1066; x_wconf 86' lang='lat'>17.</span> <span class='ocrx_word' id='word_1_46' title='bbox 712 986 791 1075; x_wconf 90' lang='lat' dir='ltr'>quia</span> <span class='ocrx_word' id='word_1_47' title='bbox 809 991 849 1052; x_wconf 84' lang='lat' dir='ltr'>fic</span> <span class='ocrx_word' id='word_1_48' title='bbox 871 992 1038 1074; x_wconf 77' lang='lat' dir='ltr'><strong>Aegyptus</strong></span> <span class='ocrx_word' id='word_1_49' title='bbox 1054 986 1133 1050; x_wconf 92' lang='lat' dir='ltr'>Nilo</span> <span class='ocrx_word' id='word_1_50' title='bbox 1150 986 1257 1050; x_wconf 83' lang='lat' dir='ltr'>divisa</span> <span class='ocrx_word' id='word_1_51' title='bbox 1293 995 1302 1003; x_wconf 82' lang='lat'><strong><em>‘</em></strong></span> 
     </span>
     <span class='ocr_line' id='line_1_7' title="bbox 207 1087 1259 1176; baseline -0.002 -20"><span class='ocrx_word' id='word_1_52' title='bbox 207 1090 243 1156; x_wconf 76' lang='lat' dir='ltr'>ei</span> <span class='ocrx_word' id='word_1_53' title='bbox 263 1088 299 1154; x_wconf 90' lang='lat' dir='ltr'>in</span> <span class='ocrx_word' id='word_1_54' title='bbox 321 1093 391 1154; x_wconf 78' lang='lat' dir='ltr'>Asta</span> <span class='ocrx_word' id='word_1_55' title='bbox 407 1091 567 1176; x_wconf 79' lang='lat' dir='ltr'>,ponenda</span> <span class='ocrx_word' id='word_1_56' title='bbox 594 1094 629 1156; x_wconf 87' lang='lat' dir='ltr'>stt</span> <span class='ocrx_word' id='word_1_57' title='bbox 651 1107 685 1154; x_wconf 88' lang='lat' dir='ltr'>et</span> <span class='ocrx_word' id='word_1_58' title='bbox 707 1089 743 1153; x_wconf 91' lang='lat' dir='ltr'>in</span> <span class='ocrx_word' id='word_1_59' title='bbox 765 1088 901 1157; x_wconf 79' lang='lat' dir='ltr'>Africa..</span> <span class='ocrx_word' id='word_1_60' title='bbox 935 1087 1001 1154; x_wconf 79' lang='lat' dir='ltr'>alii</span> <span class='ocrx_word' id='word_1_61' title='bbox 1021 1088 1259 1154; x_wconf 78' lang='lat' dir='ltr'>Alexandriam</span> 
     </span>
     <span class='ocr_line' id='line_1_8' title="bbox 205 1190 1256 1280; baseline -0.002 -22"><span class='ocrx_word' id='word_1_62' title='bbox 205 1190 389 1258; x_wconf 82' lang='lat' dir='ltr'>terminum</span> <span class='ocrx_word' id='word_1_63' title='bbox 404 1193 564 1264; x_wconf 81' lang='lat' dir='ltr'>statuunt,</span> <span class='ocrx_word' id='word_1_64' title='bbox 591 1190 764 1280; x_wconf 82' lang='lat' dir='ltr'>inquibus</span> <span class='ocrx_word' id='word_1_65' title='bbox 781 1191 910 1256; x_wconf 75' lang='lat' dir='ltr'>Hirtius</span> <span class='ocrx_word' id='word_1_66' title='bbox 928 1193 969 1253; x_wconf 91' lang='lat' dir='ltr'>de</span> <span class='ocrx_word' id='word_1_67' title='bbox 984 1195 1022 1255; x_wconf 89' lang='grc' dir='ltr'>Β.</span> <span class='ocrx_word' id='word_1_68' title='bbox 1040 1194 1131 1257; x_wconf 82' lang='lat' dir='ltr'>Alex.</span> <span class='ocrx_word' id='word_1_69' title='bbox 1150 1213 1178 1256; x_wconf 89' lang='lat' dir='ltr'>c.</span> <span class='ocrx_word' id='word_1_70' title='bbox 1200 1205 1256 1272; x_wconf 73' lang='lat'>14.</span> 
     </span>
     <span class='ocr_line' id='line_1_9' title="bbox 207 1291 1258 1368; baseline 0.001 -12"><span class='ocrx_word' id='word_1_71' title='bbox 207 1295 343 1362; x_wconf 74' lang='lat' dir='ltr'>Orosius</span> <span class='ocrx_word' id='word_1_72' title='bbox 372 1319 404 1368; x_wconf 86' lang='lat'>1,</span> <span class='ocrx_word' id='word_1_73' title='bbox 428 1315 459 1360; x_wconf 79' lang='lat' dir='ltr'>e.</span> <span class='ocrx_word' id='word_1_74' title='bbox 508 1295 631 1360; x_wconf 84' lang='lat' dir='ltr'>Melina</span> <span class='ocrx_word' id='word_1_75' title='bbox 656 1292 716 1359; x_wconf 90' lang='lat' dir='ltr'>alii</span> <span class='ocrx_word' id='word_1_76' title='bbox 745 1316 831 1359; x_wconf 87' lang='lat' dir='ltr'>cum·</span> <span class='ocrx_word' id='word_1_77' title='bbox 845 1291 1089 1357; x_wconf 81' lang='lat' dir='ltr'>recentioribus</span> <span class='ocrx_word' id='word_1_78' title='bbox 1113 1291 1258 1359; x_wconf 84' lang='lat' dir='ltr'>Arabico</span> 
     </span>
     <span class='ocr_line' id='line_1_10' title="bbox 208 1394 1256 1490; baseline 0 -30"><span class='ocrx_word' id='word_1_79' title='bbox 208 1399 281 1460; x_wconf 86' lang='lat' dir='ltr'>smu</span> <span class='ocrx_word' id='word_1_80' title='bbox 302 1411 335 1460; x_wconf 89' lang='lat' dir='ltr'>et</span> <span class='ocrx_word' id='word_1_81' title='bbox 355 1394 472 1460; x_wconf 88' lang='lat' dir='ltr'>isthmo</span> <span class='ocrx_word' id='word_1_82' title='bbox 495 1394 744 1470; x_wconf 75' lang='lat' dir='ltr'>disterminant,</span> <span class='ocrx_word' id='word_1_83' title='bbox 776 1413 816 1460; x_wconf 89' lang='lat' dir='ltr'>ut</span> <span class='ocrx_word' id='word_1_84' title='bbox 840 1398 956 1460; x_wconf 87' lang='lat' dir='ltr'>Strabo</span> <span class='ocrx_word' id='word_1_85' title='bbox 979 1418 1007 1459; x_wconf 89' lang='grc'>1.</span> <span class='ocrx_word' id='word_1_86' title='bbox 1030 1418 1062 1481; x_wconf 88' lang='lat' dir='ltr'>p.</span> <span class='ocrx_word' id='word_1_87' title='bbox 1080 1405 1137 1477; x_wconf 74' lang='lat'>24.</span> <span class='ocrx_word' id='word_1_88' title='bbox 1156 1397 1256 1490; x_wconf 49' lang='lat'><strong>[335.</strong></span> 
     </span>
     <span class='ocr_line' id='line_1_11' title="bbox 207 1494 1256 1586; baseline 0.002 -26"><span class='ocrx_word' id='word_1_89' title='bbox 207 1494 288 1576; x_wconf 79' lang='lat' dir='ltr'>(ubi</span> <span class='ocrx_word' id='word_1_90' title='bbox 311 1499 456 1583; x_wconf 85' lang='lat' dir='ltr'>praefert</span> <span class='ocrx_word' id='word_1_91' title='bbox 477 1498 631 1586; x_wconf 75' lang='lat' dir='ltr'>adpositis</span> <span class='ocrx_word' id='word_1_92' title='bbox 650 1501 773 1579; x_wconf 78' lang='lat' dir='ltr'>causta)</span> <span class='ocrx_word' id='word_1_93' title='bbox 809 1499 1017 1582; x_wconf 78' lang='lat' dir='ltr'>Agathemer.</span> <span class='ocrx_word' id='word_1_94' title='bbox 1033 1515 1065 1569; x_wconf 79' lang='lat' dir='ltr'>e,</span> <span class='ocrx_word' id='word_1_95' title='bbox 1085 1516 1116 1561; x_wconf 77' lang='lat' dir='ltr'>a.</span> <span class='ocrx_word' id='word_1_96' title='bbox 1141 1514 1175 1560; x_wconf 88' lang='lat' dir='ltr'>et</span> <span class='ocrx_word' id='word_1_97' title='bbox 1201 1508 1256 1580; x_wconf 75' lang='lat'>14.</span> 
     </span>
     <span class='ocr_line' id='line_1_12' title="bbox 206 1593 1255 1686; baseline -0.001 -21"><span class='ocrx_word' id='word_1_98' title='bbox 206 1598 262 1665; x_wconf 80' lang='lat' dir='ltr'>cf.</span> <span class='ocrx_word' id='word_1_99' title='bbox 279 1599 320 1662; x_wconf 90' lang='lat' dir='ltr'>de</span> <span class='ocrx_word' id='word_1_100' title='bbox 337 1602 402 1666; x_wconf 91' lang='lat' dir='ltr'>hoc</span> <span class='ocrx_word' id='word_1_101' title='bbox 417 1618 449 1665; x_wconf 89' lang='lat' dir='ltr'>et</span> <span class='ocrx_word' id='word_1_102' title='bbox 464 1605 611 1686; x_wconf 84' lang='lat' dir='ltr'>Aegypto</span> <span class='ocrx_word' id='word_1_103' title='bbox 625 1601 770 1665; x_wconf 83' lang='lat' dir='ltr'>Eustath.</span> <span class='ocrx_word' id='word_1_104' title='bbox 786 1601 828 1662; x_wconf 88' lang='lat' dir='ltr'>ad</span> <span class='ocrx_word' id='word_1_105' title='bbox 842 1593 977 1680; x_wconf 80' lang='lat' dir='ltr'>Diony&#39;i.</span> <span class='ocrx_word' id='word_1_106' title='bbox 993 1622 1025 1663; x_wconf 89' lang='lat' dir='ltr'>v.</span> <span class='ocrx_word' id='word_1_107' title='bbox 1048 1609 1101 1676; x_wconf 78' lang='lat'>18.</span> <span class='ocrx_word' id='word_1_108' title='bbox 1119 1616 1153 1662; x_wconf 91' lang='lat' dir='ltr'>et</span> <span class='ocrx_word' id='word_1_109' title='bbox 1175 1612 1255 1678; x_wconf 85' lang='lat'><strong>175.</strong></span> 
     </span>
     <span class='ocr_line' id='line_1_13' title="bbox 203 1698 1256 1788; baseline -0.003 -22"><span class='ocrx_word' id='word_1_110' title='bbox 203 1698 244 1766; x_wconf 73' lang='lat' dir='ltr'>Si</span> <span class='ocrx_word' id='word_1_111' title='bbox 270 1703 500 1773; x_wconf 79' lang='lat' dir='ltr'>Ptolemaeum</span> <span class='ocrx_word' id='word_1_112' title='bbox 527 1701 771 1788; x_wconf 74' lang='lat' dir='ltr'>inspiciamus,</span> <span class='ocrx_word' id='word_1_113' title='bbox 794 1700 909 1764; x_wconf 90' lang='lat' dir='ltr'>retulit</span> <span class='ocrx_word' id='word_1_114' title='bbox 934 1699 992 1762; x_wconf 91' lang='lat' dir='ltr'>ille</span> <span class='ocrx_word' id='word_1_115' title='bbox 1010 1725 1047 1781; x_wconf 81' lang='lat'>4,</span> <span class='ocrx_word' id='word_1_116' title='bbox 1072 1714 1104 1779; x_wconf 84' lang='lat'>5.</span> <span class='ocrx_word' id='word_1_117' title='bbox 1159 1703 1256 1765; x_wconf 86' lang='lat' dir='ltr'>Cata·</span> 
     </span>
     <span class='ocr_line' id='line_1_14' title="bbox 205 1800 1254 1892; baseline 0.002 -26"><span class='ocrx_word' id='word_1_118' title='bbox 205 1803 367 1867; x_wconf 79' lang='lat' dir='ltr'>bathmon</span> <span class='ocrx_word' id='word_1_119' title='bbox 390 1825 467 1870; x_wconf 91' lang='lat' dir='ltr'>cum</span> <span class='ocrx_word' id='word_1_120' title='bbox 481 1807 679 1892; x_wconf 79' lang='lat' dir='ltr'>Aegyptoet</span> <span class='ocrx_word' id='word_1_121' title='bbox 694 1801 903 1870; x_wconf 87' lang='lat' dir='ltr'>occidentale</span> <span class='ocrx_word' id='word_1_122' title='bbox 917 1805 1004 1867; x_wconf 85' lang='lat' dir='ltr'>latus</span> <span class='ocrx_word' id='word_1_123' title='bbox 1019 1804 1105 1867; x_wconf 79' lang='lat' dir='ltr'>sinus</span> <span class='ocrx_word' id='word_1_124' title='bbox 1119 1800 1254 1883; x_wconf 73' lang='lat' dir='ltr'>Arabici</span> 
     </span>
    </p>
   </div>
   <div class='ocr_carea' id='block_1_3' title="bbox 111 1890 427 1971">
    <p class='ocr_par' dir='ltr' id='par_1_6' title="bbox 111 1890 427 1971">
     <span class='ocr_line' id='line_1_15' title="bbox 111 1890 427 1971; baseline 0.009 -4"><span class='ocrx_word' id='word_1_125' title='bbox 111 1890 116 1903; x_wconf 62' lang='lat'><strong><em>¹</em></strong></span> <span class='ocrx_word' id='word_1_126' title='bbox 206 1903 250 1967; x_wconf 75' lang='lat' dir='ltr'>ad</span> <span class='ocrx_word' id='word_1_127' title='bbox 271 1904 427 1971; x_wconf 82' lang='lat' dir='ltr'>Africam.</span> 
     </span>
    </p>
   </div>
   <div class='ocr_carea' id='block_1_4' title="bbox 237 2051 1256 2143">
    <p class='ocr_par' dir='ltr' id='par_1_7' title="bbox 237 2051 1256 2143">
     <span class='ocr_line' id='line_1_16' title="bbox 237 2051 1256 2143; baseline 0.005 -26"><span class='ocrx_word' id='word_1_128' title='bbox 237 2062 241 2072; x_wconf 91' lang='grc'><em>“</em></span> <span class='ocrx_word' id='word_1_129' title='bbox 284 2053 478 2139; x_wconf 81' lang='lat' dir='ltr'>brevior)</span> <span class='ocrx_word' id='word_1_130' title='bbox 527 2051 642 2121; x_wconf 81' lang='lat' dir='ltr'>Minue</span> <span class='ocrx_word' id='word_1_131' title='bbox 665 2057 785 2141; x_wconf 85' lang='lat' dir='ltr'>longa,</span> <span class='ocrx_word' id='word_1_132' title='bbox 816 2055 908 2142; x_wconf 90' lang='lat' dir='ltr'>quod</span> <span class='ocrx_word' id='word_1_133' title='bbox 933 2074 1052 2121; x_wconf 88' lang='lat' dir='ltr'>verum</span> <span class='ocrx_word' id='word_1_134' title='bbox 1074 2056 1135 2120; x_wconf 83' lang='lat' dir='ltr'>esse</span> <span class='ocrx_word' id='word_1_135' title='bbox 1159 2079 1256 2143; x_wconf 85' lang='lat' dir='ltr'>expe·</span> 
     </span>
    </p>
   </div>
   <div class='ocr_carea' id='block_1_5' title="bbox 86 2152 1257 2233">
    <p class='ocr_par' dir='ltr' id='par_1_8' title="bbox 86 2152 1257 2233">
     <span class='ocr_line' id='line_1_17' title="bbox 86 2152 1257 2233; baseline 0.003 -13"><span class='ocrx_word' id='word_1_136' title='bbox 86 2180 91 2187; x_wconf 90' lang='lat'>·</span> <span class='ocrx_word' id='word_1_137' title='bbox 198 2152 347 2233; x_wconf 72' lang='lat' dir='ltr'>,rientiae</span> <span class='ocrx_word' id='word_1_138' title='bbox 384 2156 515 2222; x_wconf 79' lang='lat' dir='ltr'>indicet</span> <span class='ocrx_word' id='word_1_139' title='bbox 549 2160 681 2222; x_wconf 88' lang='lat' dir='ltr'>tabulae</span> <span class='ocrx_word' id='word_1_140' title='bbox 716 2157 855 2230; x_wconf 88' lang='lat' dir='ltr'>docent,</span> <span class='ocrx_word' id='word_1_141' title='bbox 897 2156 1044 2222; x_wconf 84' lang='lat' dir='ltr'>maxime</span> <span class='ocrx_word' id='word_1_142' title='bbox 1076 2157 1136 2223; x_wconf 88' lang='lat' dir='ltr'>ubi</span> <span class='ocrx_word' id='word_1_143' title='bbox 1169 2157 1257 2225; x_wconf 83' lang='lat' dir='ltr'>mari</span> 
     </span>
    </p>
   </div>
   <div class='ocr_carea' id='block_1_6' title="bbox 157 2256 1259 3167">
    <p class='ocr_par' dir='ltr' id='par_1_9' title="bbox 157 2256 1259 3167">
     <span class='ocr_line' id='line_1_18' title="bbox 206 2256 1259 2347; baseline 0.004 -24"><span class='ocrx_word' id='word_1_144' title='bbox 206 2258 315 2339; x_wconf 78' lang='lat' dir='ltr'>nostro</span> <span class='ocrx_word' id='word_1_145' title='bbox 349 2258 514 2323; x_wconf 79' lang='lat' dir='ltr'>imminet</span> <span class='ocrx_word' id='word_1_146' title='bbox 548 2279 738 2324; x_wconf 71' lang='lat' dir='ltr'>vrnrnnve.</span> <span class='ocrx_word' id='word_1_147' title='bbox 797 2256 945 2346; x_wconf 81' lang='lat' dir='ltr'>Respicit</span> <span class='ocrx_word' id='word_1_148' title='bbox 978 2280 1078 2325; x_wconf 88' lang='lat' dir='ltr'>omne</span> <span class='ocrx_word' id='word_1_149' title='bbox 1112 2259 1259 2347; x_wconf 86' lang='lat' dir='ltr'>spatium</span> 
     </span>
     <span class='ocr_line' id='line_1_19' title="bbox 157 2354 1258 2450; baseline 0.002 -26"><span class='ocrx_word' id='word_1_150' title='bbox 157 2385 161 2394; x_wconf 93' lang='lat'><em>·</em></span> <span class='ocrx_word' id='word_1_151' title='bbox 205 2354 468 2445; x_wconf 76' lang='lat' dir='ltr'>magnitudinis,</span> <span class='ocrx_word' id='word_1_152' title='bbox 501 2377 540 2425; x_wconf 95' lang='lat' dir='ltr'>ut</span> <span class='ocrx_word' id='word_1_153' title='bbox 555 2364 592 2426; x_wconf 86' lang='lat' dir='ltr'>stt</span> <span class='ocrx_word' id='word_1_154' title='bbox 608 2356 713 2447; x_wconf 83' lang='lat' dir='ltr'>magis</span> <span class='ocrx_word' id='word_1_155' title='bbox 736 2357 874 2445; x_wconf 83' lang='lat' dir='ltr'>exigua,</span> <span class='ocrx_word' id='word_1_156' title='bbox 904 2382 969 2424; x_wconf 90' lang='lat' dir='ltr'>nec</span> <span class='ocrx_word' id='word_1_157' title='bbox 983 2377 1156 2447; x_wconf 85' lang='lat' dir='ltr'>tantopere</span> <span class='ocrx_word' id='word_1_158' title='bbox 1180 2385 1258 2450; x_wconf 86' lang='lat' dir='ltr'>por-</span> 
     </span>
     <span class='ocr_line' id='line_1_20' title="bbox 203 2459 1256 2553; baseline 0.003 -27"><span class='ocrx_word' id='word_1_159' title='bbox 203 2459 333 2547; x_wconf 76' lang='lat' dir='ltr'>rigatur</span> <span class='ocrx_word' id='word_1_160' title='bbox 347 2461 451 2548; x_wconf 83' lang='lat' dir='ltr'>spatio</span> <span class='ocrx_word' id='word_1_161' title='bbox 467 2464 542 2537; x_wconf 89' lang='lat' dir='ltr'>suo,</span> <span class='ocrx_word' id='word_1_162' title='bbox 576 2485 677 2549; x_wconf 89' lang='lat' dir='ltr'>quam</span> <span class='ocrx_word' id='word_1_163' title='bbox 699 2460 836 2549; x_wconf 90' lang='lat' dir='ltr'>quidem</span> <span class='ocrx_word' id='word_1_164' title='bbox 852 2466 1008 2527; x_wconf 84' lang='lat' dir='ltr'>alterutra</span> <span class='ocrx_word' id='word_1_165' title='bbox 1025 2460 1159 2527; x_wconf 86' lang='lat' dir='ltr'>istarum</span> <span class='ocrx_word' id='word_1_166' title='bbox 1180 2487 1256 2553; x_wconf 84' lang='lat' dir='ltr'>par-</span> 
     </span>
     <span class='ocr_line' id='line_1_21' title="bbox 194 2558 1259 2658; baseline 0.004 -31"><span class='ocrx_word' id='word_1_167' title='bbox 194 2558 311 2649; x_wconf 64' lang='lat' dir='ltr'>tium</span> <span class='ocrx_word' id='word_1_168' title='bbox 355 2572 456 2649; x_wconf 81' lang='lat' dir='ltr'>prout</span> <span class='ocrx_word' id='word_1_169' title='bbox 472 2564 576 2650; x_wconf 69' lang='lat' dir='ltr'>drevic</span> <span class='ocrx_word' id='word_1_170' title='bbox 604 2564 781 2647; x_wconf 86' lang='lat' dir='ltr'>usurpatur</span> <span class='ocrx_word' id='word_1_171' title='bbox 805 2584 867 2649; x_wconf 86' lang='lat' dir='ltr'>pro</span> <span class='ocrx_word' id='word_1_172' title='bbox 890 2585 1014 2648; x_wconf 86' lang='lat' dir='ltr'>parvo;</span> <span class='ocrx_word' id='word_1_173' title='bbox 1048 2567 1086 2630; x_wconf 83' lang='lat' dir='ltr'>ut</span> <span class='ocrx_word' id='word_1_174' title='bbox 1097 2558 1259 2658; x_wconf 73' lang='lat' dir='ltr'>scopulus</span> 
     </span>
     <span class='ocr_line' id='line_1_22' title="bbox 204 2662 1259 2760; baseline 0.003 -31"><span class='ocrx_word' id='word_1_175' title='bbox 204 2663 309 2729; x_wconf 78' lang='lat' dir='ltr'>brevis</span> <span class='ocrx_word' id='word_1_176' title='bbox 338 2666 426 2750; x_wconf 84' lang='lat' dir='ltr'>apud</span> <span class='ocrx_word' id='word_1_177' title='bbox 448 2663 610 2731; x_wconf 87' lang='lat' dir='ltr'>Ovidium</span> <span class='ocrx_word' id='word_1_178' title='bbox 632 2666 768 2729; x_wconf 88' lang='lat' dir='ltr'>Metam.</span> <span class='ocrx_word' id='word_1_179' title='bbox 791 2684 826 2746; x_wconf 91' lang='lat'>9,</span> <span class='ocrx_word' id='word_1_180' title='bbox 855 2667 937 2729; x_wconf 79' lang='lat'><strong>226.</strong></span> <span class='ocrx_word' id='word_1_181' title='bbox 974 2681 1007 2730; x_wconf 91' lang='lat' dir='ltr'>et</span> <span class='ocrx_word' id='word_1_182' title='bbox 1028 2665 1153 2730; x_wconf 80' lang='lat' dir='ltr'>brevior</span> <span class='ocrx_word' id='word_1_183' title='bbox 1176 2662 1259 2760; x_wconf 82' lang='lat' dir='ltr'>Offir</span> 
     </span>
     <span class='ocr_line' id='line_1_23' title="bbox 204 2763 1258 2850; baseline 0.008 -23"><span class='ocrx_word' id='word_1_184' title='bbox 204 2765 298 2850; x_wconf 87' lang='lat' dir='ltr'>apud</span> <span class='ocrx_word' id='word_1_185' title='bbox 319 2763 462 2831; x_wconf 61' lang='lat' dir='ltr'>ata-aiat</span> <span class='ocrx_word' id='word_1_186' title='bbox 479 2776 514 2843; x_wconf 81' lang='lat'>8,</span> <span class='ocrx_word' id='word_1_187' title='bbox 533 2769 593 2843; x_wconf 81' lang='lat'>36,</span> <span class='ocrx_word' id='word_1_188' title='bbox 613 2768 645 2832; x_wconf 83' lang='grc'>6.</span> <span class='ocrx_word' id='word_1_189' title='bbox 682 2767 771 2828; x_wconf 88' lang='lat' dir='ltr'>unde</span> <span class='ocrx_word' id='word_1_190' title='bbox 795 2781 886 2850; x_wconf 89' lang='lat' dir='ltr'>patet</span> <span class='ocrx_word' id='word_1_191' title='bbox 909 2763 1002 2830; x_wconf 82' lang='lat' dir='ltr'>fuisse</span> <span class='ocrx_word' id='word_1_192' title='bbox 1025 2764 1062 2830; x_wconf 90' lang='lat' dir='ltr'>in</span> <span class='ocrx_word' id='word_1_193' title='bbox 1082 2769 1147 2833; x_wconf 93' lang='lat' dir='ltr'>hoc</span> <span class='ocrx_word' id='word_1_194' title='bbox 1170 2768 1258 2835; x_wconf 88' lang='lat' dir='ltr'>anti·</span> 
     </span>
     <span class='ocr_line' id='line_1_24' title="bbox 206 2863 1257 2955; baseline 0.009 -27"><span class='ocrx_word' id='word_1_195' title='bbox 206 2887 351 2955; x_wconf 89' lang='lat' dir='ltr'>quorum</span> <span class='ocrx_word' id='word_1_196' title='bbox 367 2872 525 2938; x_wconf 85' lang='lat' dir='ltr'>errorem,</span> <span class='ocrx_word' id='word_1_197' title='bbox 550 2865 627 2952; x_wconf 90' lang='lat' dir='ltr'>quia</span> <span class='ocrx_word' id='word_1_198' title='bbox 644 2863 894 2948; x_wconf 80' lang='lat' dir='ltr'>ignoraverunt,</span> <span class='ocrx_word' id='word_1_199' title='bbox 922 2879 1127 2954; x_wconf 81' lang='lat' dir='ltr'>quantopere</span> <span class='ocrx_word' id='word_1_200' title='bbox 1143 2869 1257 2937; x_wconf 83' lang='lat' dir='ltr'>Africa</span> 
     </span>
     <span class='ocr_line' id='line_1_25' title="bbox 206 2964 1256 3051; baseline 0.005 -20"><span class='ocrx_word' id='word_1_201' title='bbox 206 2969 319 3035; x_wconf 79' lang='lat' dir='ltr'>versuo</span> <span class='ocrx_word' id='word_1_202' title='bbox 360 2965 536 3040; x_wconf 87' lang='lat' dir='ltr'>meridiem</span> <span class='ocrx_word' id='word_1_203' title='bbox 571 2964 809 3051; x_wconf 81' lang='lat' dir='ltr'>porrigeretur.</span> <span class='ocrx_word' id='word_1_204' title='bbox 877 2990 901 3034; x_wconf 87' lang='lat'>1.</span> <span class='ocrx_word' id='word_1_205' title='bbox 938 2989 1144 3035; x_wconf 79' lang='lat' dir='ltr'>cnonovrva</span> <span class='ocrx_word' id='word_1_206' title='bbox 1176 2976 1256 3036; x_wconf 86' lang='lat' dir='ltr'>MS.</span> 
     </span>
     <span class='ocr_line' id='line_1_26' title="bbox 205 3050 1256 3167; baseline 0.006 -35"><span class='ocrx_word' id='word_1_207' title='bbox 205 3071 335 3167; x_wconf 65' lang='lat' dir='ltr'>Nempe</span> <span class='ocrx_word' id='word_1_208' title='bbox 358 3050 516 3155; x_wconf 77' lang='lat' dir='ltr'>concepit</span> <span class='ocrx_word' id='word_1_209' title='bbox 535 3069 624 3131; x_wconf 87' lang='lat' dir='ltr'>Mela</span> <span class='ocrx_word' id='word_1_210' title='bbox 646 3065 758 3131; x_wconf 89' lang='lat' dir='ltr'>animo</span> <span class='ocrx_word' id='word_1_211' title='bbox 776 3066 901 3132; x_wconf 90' lang='lat' dir='ltr'>lineam</span> <span class='ocrx_word' id='word_1_212' title='bbox 921 3087 1065 3146; x_wconf 87' lang='lat' dir='ltr'>rectam,</span> <span class='ocrx_word' id='word_1_213' title='bbox 1101 3094 1185 3160; x_wconf 89' lang='lat' dir='ltr'>quae</span> <span class='ocrx_word' id='word_1_214' title='bbox 1214 3078 1256 3141; x_wconf 90' lang='lat' dir='ltr'>ab</span> 
     </span>
    </p>
   </div>
   <div class='ocr_carea' id='block_1_7' title="bbox 79 3166 1256 3255">
    <p class='ocr_par' dir='ltr' id='par_1_10' title="bbox 79 3166 1256 3255">
     <span class='ocr_line' id='line_1_27' title="bbox 79 3166 1256 3255; baseline 0.004 -20"><span class='ocrx_word' id='word_1_215' title='bbox 79 3247 84 3255; x_wconf 29' lang='grc' dir='ltr'>Ι</span> <span class='ocrx_word' id='word_1_216' title='bbox 207 3191 265 3235; x_wconf 87' lang='lat' dir='ltr'>ora</span> <span class='ocrx_word' id='word_1_217' title='bbox 280 3169 510 3234; x_wconf 85' lang='lat' dir='ltr'>Mauretaniae</span> <span class='ocrx_word' id='word_1_218' title='bbox 525 3166 726 3233; x_wconf 86' lang='lat' dir='ltr'>occidentali</span> <span class='ocrx_word' id='word_1_219' title='bbox 743 3172 784 3234; x_wconf 89' lang='lat' dir='ltr'>ad</span> <span class='ocrx_word' id='word_1_220' title='bbox 795 3170 1037 3236; x_wconf 83' lang='lat' dir='ltr'>Catabathmon</span> <span class='ocrx_word' id='word_1_221' title='bbox 1053 3190 1110 3238; x_wconf 85' lang='lat' dir='ltr'>aut</span> <span class='ocrx_word' id='word_1_222' title='bbox 1125 3173 1256 3253; x_wconf 88' lang='lat' dir='ltr'>Nilum,</span> 
     </span>
    </p>
   </div>
   <div class='ocr_carea' id='block_1_8' title="bbox 175 3268 1256 3873">
    <p class='ocr_par' dir='ltr' id='par_1_11' title="bbox 175 3268 1256 3873">
     <span class='ocr_line' id='line_1_28' title="bbox 206 3268 1256 3356; baseline 0.006 -18"><span class='ocrx_word' id='word_1_223' title='bbox 206 3270 338 3338; x_wconf 78' lang='lat' dir='ltr'>Africae</span> <span class='ocrx_word' id='word_1_224' title='bbox 357 3295 397 3336; x_wconf 87' lang='lat' dir='ltr'>ex</span> <span class='ocrx_word' id='word_1_225' title='bbox 414 3287 570 3356; x_wconf 68' lang='lat' dir='ltr'>¹veterum</span> <span class='ocrx_word' id='word_1_226' title='bbox 586 3268 746 3335; x_wconf 84' lang='lat' dir='ltr'>sententia</span> <span class='ocrx_word' id='word_1_227' title='bbox 762 3270 881 3356; x_wconf 81' lang='lat' dir='ltr'>finem,</span> <span class='ocrx_word' id='word_1_228' title='bbox 910 3270 1119 3348; x_wconf 83' lang='lat' dir='ltr'>extenditur,</span> <span class='ocrx_word' id='word_1_229' title='bbox 1152 3279 1256 3345; x_wconf 88' lang='lat' dir='ltr'>hanc·</span> 
     </span>
     <span class='ocr_line' id='line_1_29' title="bbox 207 3365 1255 3463; baseline 0.001 -24"><span class='ocrx_word' id='word_1_230' title='bbox 207 3366 276 3463; x_wconf 83' lang='lat' dir='ltr'>que</span> <span class='ocrx_word' id='word_1_231' title='bbox 290 3367 459 3460; x_wconf 84' lang='lat' dir='ltr'>comparat</span> <span class='ocrx_word' id='word_1_232' title='bbox 478 3371 573 3437; x_wconf 77' lang='lat' dir='ltr'>simili</span> <span class='ocrx_word' id='word_1_233' title='bbox 591 3365 711 3448; x_wconf 86' lang='lat' dir='ltr'>lineae,</span> <span class='ocrx_word' id='word_1_234' title='bbox 736 3397 820 3461; x_wconf 86' lang='lat' dir='ltr'>quae</span> <span class='ocrx_word' id='word_1_235' title='bbox 835 3397 852 3439; x_wconf 90' lang='lat' dir='ltr'>a</span> <span class='ocrx_word' id='word_1_236' title='bbox 867 3373 1032 3440; x_wconf 75' lang='lat' dir='ltr'>Lusitania</span> <span class='ocrx_word' id='word_1_237' title='bbox 1049 3378 1092 3440; x_wconf 90' lang='lat' dir='ltr'>ad</span> <span class='ocrx_word' id='word_1_238' title='bbox 1107 3377 1255 3457; x_wconf 87' lang='lat' dir='ltr'>Tanain,</span> 
     </span>
     <span class='ocr_line' id='line_1_30' title="bbox 206 3467 1255 3568; baseline 0.007 -28"><span class='ocrx_word' id='word_1_239' title='bbox 206 3467 361 3561; x_wconf 81' lang='lat' dir='ltr'>Europae</span> <span class='ocrx_word' id='word_1_240' title='bbox 394 3472 594 3547; x_wconf 88' lang='lat' dir='ltr'>terminum,</span> <span class='ocrx_word' id='word_1_241' title='bbox 627 3492 791 3560; x_wconf 86' lang='lat' dir='ltr'>protracta</span> <span class='ocrx_word' id='word_1_242' title='bbox 822 3476 961 3563; x_wconf 86' lang='lat' dir='ltr'>cogitari</span> <span class='ocrx_word' id='word_1_243' title='bbox 995 3479 1115 3565; x_wconf 86' lang='lat' dir='ltr'>potest;</span> <span class='ocrx_word' id='word_1_244' title='bbox 1155 3503 1255 3568; x_wconf 89' lang='lat' dir='ltr'>quae,</span> 
     </span>
     <span class='ocr_line' id='line_1_31' title="bbox 175 3575 1254 3665; baseline 0.007 -25"><span class='ocrx_word' id='word_1_245' title='bbox 175 3584 178 3592; x_wconf 77' lang='lat'>‘</span> <span class='ocrx_word' id='word_1_246' title='bbox 206 3575 288 3665; x_wconf 86' lang='lat' dir='ltr'>quia</span> <span class='ocrx_word' id='word_1_247' title='bbox 319 3575 376 3640; x_wconf 88' lang='lat' dir='ltr'>illa</span> <span class='ocrx_word' id='word_1_248' title='bbox 411 3575 518 3639; x_wconf 86' lang='lat' dir='ltr'>maior</span> <span class='ocrx_word' id='word_1_249' title='bbox 552 3577 829 3662; x_wconf 88' lang='lat' dir='ltr'>deprehenditur,</span> <span class='ocrx_word' id='word_1_250' title='bbox 871 3579 1017 3644; x_wconf 76' lang='lat' dir='ltr'>Africam</span> <span class='ocrx_word' id='word_1_251' title='bbox 1051 3579 1254 3660; x_wconf 79' lang='lat' dir='ltr'>breviorem,</span> 
     </span>
     <span class='ocr_line' id='line_1_32' title="bbox 209 3668 1255 3777; baseline 0.006 -34"><span class='ocrx_word' id='word_1_252' title='bbox 209 3668 307 3766; x_wconf 59' lang='lat' dir='ltr'>(ittam</span> <span class='ocrx_word' id='word_1_253' title='bbox 327 3682 479 3762; x_wconf 82' lang='lat' dir='ltr'>Europen</span> <span class='ocrx_word' id='word_1_254' title='bbox 497 3670 557 3742; x_wconf 78' lang='lat' dir='ltr'>effe</span> <span class='ocrx_word' id='word_1_255' title='bbox 579 3677 672 3743; x_wconf 85' lang='lat' dir='ltr'>dicit.</span> <span class='ocrx_word' id='word_1_256' title='bbox 706 3675 887 3746; x_wconf 72' lang='lat' dir='ltr'>ntnscttrvi</span> <span class='ocrx_word' id='word_1_257' title='bbox 912 3685 944 3744; x_wconf 84' lang='lat' dir='ltr'>t&#39;rt</span> <span class='ocrx_word' id='word_1_258' title='bbox 967 3682 1145 3776; x_wconf 77' lang='lat' dir='ltr'>prolusione</span> <span class='ocrx_word' id='word_1_259' title='bbox 1156 3677 1255 3777; x_wconf 82' lang='lat' dir='ltr'>scho-</span> 
     </span>
     <span class='ocr_line' id='line_1_33' title="bbox 207 3778 1255 3873; baseline 0.007 -30"><span class='ocrx_word' id='word_1_260' title='bbox 207 3781 320 3873; x_wconf 73' lang='lat' dir='ltr'>lastica</span> <span class='ocrx_word' id='word_1_261' title='bbox 350 3781 391 3842; x_wconf 88' lang='lat' dir='ltr'>de</span> <span class='ocrx_word' id='word_1_262' title='bbox 421 3802 499 3842; x_wconf 85' lang='lat' dir='ltr'>vera</span> <span class='ocrx_word' id='word_1_263' title='bbox 528 3778 657 3845; x_wconf 80' lang='lat' dir='ltr'>Africae</span> <span class='ocrx_word' id='word_1_264' title='bbox 683 3780 788 3868; x_wconf 81' lang='lat' dir='ltr'>figura</span> <span class='ocrx_word' id='word_1_265' title='bbox 817 3783 999 3849; x_wconf 87' lang='lat' dir='ltr'>secundum</span> <span class='ocrx_word' id='word_1_266' title='bbox 1024 3785 1255 3872; x_wconf 82' lang='lat' dir='ltr'>Pomponium</span> 
     </span>
    </p>
   </div>
   <div class='ocr_carea' id='block_1_9' title="bbox 28 3882 670 3969">
    <p class='ocr_par' dir='ltr' id='par_1_12' title="bbox 28 3882 670 3969">
     <span class='ocr_line' id='line_1_34' title="bbox 28 3882 670 3969; baseline 0.002 -22"><span class='ocrx_word' id='word_1_267' title='bbox 28 3944 31 3953; x_wconf 82' lang='lat'><strong><em>‚</em></strong></span> <span class='ocrx_word' id='word_1_268' title='bbox 132 3962 135 3969; x_wconf 32' lang='grc' dir='ltr'>Ι</span> <span class='ocrx_word' id='word_1_269' title='bbox 206 3882 349 3958; x_wconf 77' lang='lat' dir='ltr'>Melam,</span> <span class='ocrx_word' id='word_1_270' title='bbox 377 3882 483 3945; x_wconf 84' lang='lat' dir='ltr'>Hofae</span> <span class='ocrx_word' id='word_1_271' title='bbox 506 3901 611 3966; x_wconf 85' lang='lat'><strong>1791.</strong></span> <span class='ocrx_word' id='word_1_272' title='bbox 634 3895 670 3964; x_wconf 79' lang='grc'>4.</span> 
     </span>
    </p>
   </div>
   <div class='ocr_carea' id='block_1_10' title="bbox 157 4034 1254 4230">
    <p class='ocr_par' dir='ltr' id='par_1_13' title="bbox 157 4034 1254 4230">
     <span class='ocr_line' id='line_1_35' title="bbox 157 4034 1254 4129; baseline 0.012 -34"><span class='ocrx_word' id='word_1_273' title='bbox 157 4112 160 4118; x_wconf 15' lang='grc' dir='ltr'><strong>Δ</strong></span> <span class='ocrx_word' id='word_1_274' title='bbox 283 4057 618 4120; x_wconf 70' lang='lat' dir='ltr'>neertsquam-</span> <span class='ocrx_word' id='word_1_275' title='bbox 645 4034 908 4122; x_wconf 75' lang='lat' dir='ltr'>obtenditur)</span> <span class='ocrx_word' id='word_1_276' title='bbox 949 4040 1118 4125; x_wconf 79' lang='lat' dir='ltr'>Nusquam</span> <span class='ocrx_word' id='word_1_277' title='bbox 1139 4038 1254 4129; x_wconf 88' lang='lat' dir='ltr'>inquit</span> 
     </span>
     <span class='ocr_line' id='line_1_36' title="bbox 205 4133 1254 4230; baseline 0.008 -28"><span class='ocrx_word' id='word_1_278' title='bbox 205 4133 314 4213; x_wconf 63' lang='lat' dir='ltr'>aare,</span> <span class='ocrx_word' id='word_1_279' title='bbox 342 4133 443 4202; x_wconf 83' lang='lat' dir='ltr'>etiam</span> <span class='ocrx_word' id='word_1_280' title='bbox 463 4135 652 4226; x_wconf 73' lang='lat' dir='ltr'>in&#39;pelegup</span> <span class='ocrx_word' id='word_1_281' title='bbox 672 4139 820 4207; x_wconf 78' lang='lat' dir='ltr'>nostrum</span> <span class='ocrx_word' id='word_1_282' title='bbox 833 4140 1065 4230; x_wconf 79' lang='lat' dir='ltr'>-proctarrenti,</span> <span class='ocrx_word' id='word_1_283' title='bbox 1094 4141 1158 4219; x_wconf 79' lang='lat' dir='ltr'>suia</span> <span class='ocrx_word' id='word_1_284' title='bbox 1176 4143 1254 4210; x_wconf 83' lang='lat' dir='ltr'>lito·</span> 
     </span>
    </p>
   </div>
   <div class='ocr_carea' id='block_1_11' title="bbox 0 0 1322 4716">
    <p class='ocr_par' dir='ltr' id='par_1_14' title="bbox 0 0 1322 4716">
     <span class='ocr_line' id='line_1_37' title="bbox 0 0 1322 4716; baseline 0 0"><span class='ocrx_word' id='word_1_285' title='bbox 0 0 1322 4716; x_wconf 95' lang='lat' dir='ltr'> </span> 
     </span>
    </p>
   </div>
  </div>
 </body>
</html>
