2634 4716
142 388 207 471 tal
350 378 578 455 ''irtortn
614 370 915 455 circuirem
982 380 990 418 ’-

143 564 291 629 isauriam
312 567 395 629 inter
418 546 612 646 Lycaoniam
635 581 670 632 et
689 568 837 643 Ciliciam
861 565 1000 631 ieorlum
1024 562 1193 648 producit.

142 666 275 733 Ciliciae
299 680 405 731 tamen
423 684 456 743 et
476 669 531 739 elii
550 671 684 754 quitiam
703 669 804 735 llaura
823 668 845 751 l²
868 654 1010 732 liaurt'tm
1030 666 1191 738 tribuunt,

143 781 177 832 et
192 769 324 834 Ciliciae
340 762 558 835 arcern‘vocat
579 752 664 836 iiior.
681 785 714 852 3,
731 772 765 843 6,
782 784 814 849 5.
842 758 883 833 αι’
895 756 1008 832 auctor
1025 768 1190 850 epitomet

140 870 230 935 Ltrtt
248 884 309 952 93.
344 871 382 934 Ρ.
397 873 570 937 Servilium
586 872 708 937 llaur'oa
724 872 880 936 incilicia
895 869 1056 947 domuille
1074 868 1188 940 lcribit.

141 972 199 1035 etfi
223 973 330 1035 minua
350 986 491 1037 accurate
515 974 548 1037 id
573 976 641 1039 fieri
658 988 751 1059 putat
774 971 926 1036 Dukcrue
947 973 987 1033 ad
1005 972 1096 1035 Flor.
1114 990 1141 1034 c.
1163 971 1185 1035 l.

139 1074 194 1139 stc
216 1092 293 1137 vero
307 1074 439 1147 Ciliciae
455 1074 611 1138 adnexam
624 1076 685 1139 elle
706 1075 813 1138 lcribit
827 1076 992 1161 Ammian.
1014 1083 1074 1153 14,
1090 1084 1127 1151 3.
1142 1074 1184 1137 iu.

139 1188 173 1239 et
188 1175 263 1237 duaa
278 1175 356 1237 iude
370 1176 551 1257 provinciae
566 1176 651 1240 lacit.
697 1179 747 1240 An
760 1196 778 1239 a
793 1174 912 1238 Latinia
931 1174 1077 1259 Tracheia
1090 1174 1184 1237 etiem

141 1276 280 1347 dicatur,
311 1278 352 1339 dc
374 1298 413 1339 eo
434 1275 566 1340 disserui
585 1279 624 1347 ad
645 1276 841 1362 Eutropium
862 1297 894 1360 p.
913 1288 987 1353 508
1003 1272 1050 1359 lq.
1103 1276 1184 1360 Quia

141 1395 220 1439 vero
240 1393 363 1460 praeter
376 1377 567 1442 Strabonem
581 1374 720 1444 πεδιάδα
736 1382 771 1442 in
789 1380 859 1442 eiua
878 1376 1039 1453 divifiope
1055 1376 1185 1451 dixerit.

139 1477 270 1565 ignoro.
296 1478 368 1548 etii,
392 1480 459 1541 line
481 1480 555 1544 telle
572 1494 696 1551 tamen,
720 1478 1074 1557 Salmaliueliusolin.
1090 1498 1127 1562 p.
1140 1499 1183 1541 m.

140 1592 226 1661 543.
249 1571 369 1650 lcribit,
394 1573 574 1656 Πεδιανοὺς
589 1580 708 1647 Cilicea
728 1581 805 1645 irinc
825 1581 954 1657 dictor.¹
972 1598 1058 1659 quoa
1073 1580 1182 1642 Latine

137 1680 272 1751 reddere
294 1682 387 1751 liceat
411 1681 617 1767 Campanos.
649 1682 738 1765 unde
754 1682 791 1755 in
810 1682 900 1743 ltalia
922 1682 1004 1742 adeo
1026 1692 1062 1743 et
1080 1676 1183 1745 Gallo·

137 1782 268 1867 lirancia
280 1784 451 1866 regionum
469 1796 545 1847 nota
559 1785 612 1845 illa
624 1785 759 1845 nomina
771 1778 908 1858 deuant.
943 1781 1030 1842 Aliae
1047 1785 1196 1847 omniuo·

136 1884 174 1953 iu
194 1882 324 1946 Graecia
343 1874 491 1971 τραχὺς,
511 1897 554 1967 ¹ut
575 1879 674 1973 ὁρεῖος
690 1897 725 1947 et
747 1877 859 1957 πεδιὰς
880 1883 921 1944 tle
942 1896 1060 1945 natura
1082 1886 1182 1969 regio·

135 2003 217 2065 num
233 1982 290 2045 libi
306 1985 428 2068 obponi
445 1982 558 2051 solent.
593 1986 685 2049 Hanc
699 2000 817 2053 tamen.
840 1996 876 2044 ut
890 1981 1039 2047 recensui
1055 1984 1181 2047 urbium

136 2085 248 2157 docet,
272 2090 410 2169 primam
425 2100 459 2149 et
473 2085 640 2151 sectandam
656 2099 751 2149 vocat
768 2085 930 2147 Hieroclen
943 2104 976 2165 p.
990 2105 1036 2150 rn.
1056 2084 1180 2169 7o4lq.

135 2187 277 2259 alteram,
300 2186 447 2251 llauriaiu
461 2209 494 2273 p.
506 2199 592 2267 7o8.
626 2186 744 2252 Omilla
758 2187 914 2248 dir-illone
932 2186 1062 2266 Scylax,
1088 2188 1181 2257 Mela.

134 2288 261 2353 Plinius
289 2290 435 2352 Ciliciam
465 2291 652 2372 continuam
685 2303 848 2370 unamque
879 2306 896 2348 a
923 2285 1121 2368 Pamphylia
1145 2290 1181 2351 td

134 2390 262 2471 Syriam
285 2391 480 2473 producunt.
534 2391 693 2453 Feruntur
715 2402 822 2453 autem
845 2387 980 2454 Cilices.
1006 2389 1043 2448 in
1068 2392 1180 2472 primii

134 2488 343 2573 quialperam
359 2490 595 2561 inhabitabant,
620 2494 698 2561 boni
714 2504 846 2557 nautae.
871 2487 922 2550 led
939 2491 1089 2552 nauticae
1109 2495 1180 2577 artie

66 2631 79 2660 a
134 2590 233 2653 abulu
253 2591 428 2673 praedonea
445 2588 535 2669 lacti.
562 2594 655 2654 unde
675 2588 787 2675 pallam
808 2591 924 2654 Cilices
945 2604 978 2650 et
999 2594 1179 2674 praedonct

135 2692 391 2777 coniunguntur,
424 2705 462 2752 ut
481 2693 566 2774 apud
581 2692 730 2757 Ciceron.
747 2695 782 2753 in
800 2694 922 2756 Verria.
939 2704 974 2769 4,
998 2712 1056 2757 ιο.
1073 2698 1121 2758 in.
1149 2709 1179 2759 et

134 2789 249 2855 diserte
275 2793 362 2854 (litte
384 2794 497 2872 pirata
516 2794 632 2855 dicitnr
653 2814 670 2856 a
694 2797 821 2856 Lucano
843 2808 875 2872 3,
896 2806 981 2871 223.
1008 2807 1044 2855 et
1070 2818 1180 2884 arripu-

132 2886 218 2959 rrtroi
238 2892 268 2958 cl
287 2889 477 2973 liilineralr
496 2895 659 2957 Eullathio
674 2898 711 2957 ad
730 2893 863 2976 Dionys.
878 2915 904 2957 c.
927 2897 948 2958 l.
980 2907 1078 2976 atque
1098 2899 1177 2961 adeo

131 2997 296 3081 piraticam
321 2998 354 3056 in
387 2997 480 3058 laude
508 2994 642 3079 poluiffe
673 3011 765 3059 notat
788 2998 904 3061 Sextus
930 2998 1119 3077 Empiricur
1144 3002 1177 3067 in

132 3095 294 3179 Pyrrhon.
316 3097 475 3180 hypotyp.
499 3111 531 3177 3,
557 3113 620 3178 ειη..
644 3099 700 3159 ubi
722 3099 779 3160 alia
802 3098 890 3159 (labit
909 3099 1083 3162 Fabricius.
1125 3100 1176 3166 Cf.

132 3201 229 3264 etiam
245 3200 406 3281 Appianue
420 3201 452 3259 in
473 3198 651 3263 Mithrirlat.
667 3221 735 3282 cap.
750 3216 810 3281 92.
848 3200 957 3262 llloree
978 3220 1095 3262 eorum
1118 3206 1177 3265 lm·

130 3301 225 3384 probi
248 3303 383 3362 omnino
402 3303 435 3361 in
448 3301 661 3382 'proverbium
685 3303 842 3371 abierant.
863 3314 917 3379 ¹nt·
934 3304 1029 3362 (locet
1054 3302 1178 3369 notill'r·

130 3422 204 3471 naue
221 3399 345 3463 verine:
371 3395 607 3477 Καππάδοκες,
635 3405 777 3489 Κρῆτες,
803 3398 933 3476 Κίλικες
954 3400 1030 3488 τρία
1053 3399 1176 3469 κάππα

131 3496 284 3567 κάκιστα.
346 3503 450 3567 lncola
476 3491 593 3574 Κίλιξ,
624 3506 724 3578 Cilix,
751 3509 837 3567 unde
862 3501 1040 3593 Ciliciensis
1060 3521 1095 3567 et
1117 3507 1176 3570 alia

130 3626 172 3669 ex
186 3605 308 3665 Lexicie
326 3618 411 3667 nota.
464 3606 604 3688 Quando
621 3608 764 3670 llurnana
785 3608 949 3689 provincia
970 3604 1048 3667 facta
1065 3606 1174 3683 irretit.

131 3706 242 3775 multia
256 3701 403 3786 ‹litquirit
421 3703 564 3769 Ntrristue
579 3707 612 3766 in
622 3709 802 3791 Cenotaph.
816 3707 917 3770 Pisan.
936 3706 1002 3768 diff.
1018 3726 1053 3773 2.
1071 3731 1102 3774 c.
1119 3733 1173 3779 tr.

130 3828 163 3890 p.
183 3820 254 3886 215
269 3804 332 3887 sqq.
356 3809 513 3889 docetque
525 3809 600 3872 -eiua
620 3812 757 3891 aliquam
776 3813 958 3891 portionem
977 3805 1096 3873 lactem
1113 3812 1173 3877 elle

130 3928 207 3986 ³2:¹¹·
224 3910 308 3985 631.
332 3927 404 3967 curn
421 3907 558 3990 asperam
572 3913 734 3973 tenuerint
748 3913 874 3993 piratae.
906 3907 958 3974 cf.
974 3924 1005 3971 et
1017 3913 1173 3997 Sigoniue

130 4012 171 4072 ale
185 4012 254 4071 iure
270 4010 462 4090 provinciar.
484 4031 511 4082 r,
533 4032 587 4076 ιι.
613 4014 671 4074 ubi
687 4013 876 4083 Ciceronem
892 4015 924 4073 in
940 4012 1053 4074 Manli.
1071 4034 1101 4077 c.
1116 4032 1169 4080 ra.

92 4176 95 4183 ,
130 4110 220 4179 lirnul
236 4107 367 4185 refutat,
400 4112 486 4194 quod
505 4132 523 4175 a
541 4114 700 4201 Pompeio
724 4128 827 4180 totam
848 4110 997 4180 Ciliciam
1017 4115 1172 4182 Romano
