2634 4716
558 170 570 205 l

83 384 90 413 ¹
226 416 291 511 449
498 409 662 489 uonna
702 410 1009 472 nxacaarcta

227 592 281 661 cs.
304 588 447 655 Eullath.
469 587 508 649 ad
531 585 666 669 Dionys.
684 606 712 648 c.
735 586 756 649 l.
791 586 974 674 Wesl'eling.
996 588 1037 651 ad
1058 588 1283 673 Herodotd.

227 696 289 779 36.
321 692 476 757 Schrader
496 688 536 751 ad
557 691 673 752 Avieu.
688 710 722 751 a.
738 698 823 769 945.
856 688 1049 753 Weruadori
1066 691 1111 752 ad
1127 690 1282 771 Priscian.

226 818 261 871 9.
285 808 365 875 ¹55·
392 790 523 857 Berkel.
539 791 577 853 ad
592 790 745 873 stephan.
763 812 796 873 p.
813 803 898 869 528.
936 791 1066 875 Nempe
1082 813 1124 855 ex
1139 814 1181 856 ea
1197 795 1282 857 Pon·

225 912 299 977 tum
319 896 403 960 nasci
417 895 514 977 aliqui
534 890 698 977 putabant.
732 891 785 955 Cs.
802 893 938 978 Ptocop.
954 894 996 957 de
1011 894 1049 957 B.
1067 894 1174 957 Goth.
1194 908 1230 975 4.
1247 898 1280 962 6.

225 998 429 1087 Agathemer.
450 1014 483 1067 9,
514 1009 567 1077 ι4.
620 995 787 1079 Quosdam
802 1015 820 1057 a
834 996 963 1076 Scythia
979 1016 1105 1060 nomen
1122 997 1279 1063 derivasse

226 1102 324 1181 tradit
332 1099 475 1163 Eullath.
485 1099 522 1159 ad
537 1095 668 1176 Dionys.
679 1117 710 1157 v.
722 1106 808 1179 549.
833 1098 920 1181 quod
935 1097 975 1160 ad
991 1096 1159 1181 superiora
1175 1102 1277 1164 redire

123 1214 128 1227 ¹
223 1204 365 1269 videtur.
418 1200 513 1265 Certe
535 1219 553 1261 a
571 1200 729 1263 Maeotica
746 1212 844 1282 gente
860 1199 981 1263 dictum
1001 1214 1096 1282 putat
1112 1201 1276 1282 Scymnur

223 1304 259 1377 in
282 1302 395 1387 fragm.
412 1323 446 1367 v.
468 1302 563 1381 126„
581 1315 614 1364 et
636 1319 737 1365 exeo
759 1321 941 1381 anonymue
968 1303 1003 1364 in
1024 1304 1159 1385 periplo
1180 1303 1277 1366 Ponti

222 1424 256 1489 p.
274 1417 310 1485 4.
331 1403 431 1467 Huds.
463 1405 615 1485 idemque
636 1424 669 1487 p.
687 1421 720 1468 9.
748 1423 767 1466 a
787 1402 929 1475 Maeotia,
947 1405 1130 1469 Iaxamatia.
1173 1402 1223 1469 Cs.
1240 1416 1274 1468 et

162 1564 170 1581 ,
221 1506 309 1571 Plin.
323 1517 358 1586 4.
376 1508 436 1570 96.
453 1504 474 1568 s.
498 1522 554 1569 tn.
606 1504 708 1587 lpsam
728 1506 880 1587 paludem
901 1524 969 1569 nou
983 1506 1092 1571 multo
1109 1509 1274 1570 minorem

184 1624 188 1633 ·
221 1621 314 1693 putat
335 1606 493 1670 Herodot.
509 1618 544 1685 4,
562 1607 621 1684 86.
647 1607 782 1670 dimidio
799 1608 911 1687 Scylax
925 1629 957 1693 p.
974 1621 1034 1687 30.
1053 1608 1164 1672 Huds.
1208 1608 1272 1694 Qni

219 1707 402 1775 mensuram
425 1706 621 1776 atlscribuut.
645 1708 832 1790 plerumque
852 1727 951 1794 9⁰⁰⁰
969 1708 1064 1772 sladia
1084 1724 1270 1782 numerant.

219 1822 260 1879 nt
277 1808 389 1871 Strabo
409 1825 441 1871 2.
460 1829 492 1891 p.
511 1810 569 1887 86.
587 1806 608 1871 s.
630 1820 711 1887 995.
741 1823 775 1883 7.
797 1829 829 1891 p.
846 1807 1065 1891 215.s.310.
1093 1814 1269 1876 Δπὶ99.ἰ9

218 1911 345 1995 periplo
366 1930 439 1996 pag.
458 1926 518 1973 9ο.
539 1909 639 1974 Huds.
672 1909 879 1995 Agathemea.
901 1932 929 1982 r,
955 1924 990 1993 5.
1019 1932 1100 1994 quae
1123 1913 1269 1979 efficiunt

224 2030 320 2087 xaoo
336 2012 385 2077 M.
399 2013 438 2075 P.
464 2024 502 2073 ut
521 2010 636 2089 diserte
652 2023 765 2074 monet
778 2030 962 2093 anonymus
978 2012 1033 2076 ille
1048 2015 1124 2078 init.
1145 2018 1268 2081 Plinina

217 2122 256 2196 4.
272 2123 331 2193 94.
348 2111 370 2176 s.
392 2128 447 2175 tn.
472 2132 512 2175 ex
527 2113 596 2175 aliia
616 2114 727 2196 paullo
744 2112 817 2194 plue
834 2115 985 2179 minusve
1000 2114 1113 2180 habet.
1168 2118 1267 2182 Porto

79 2206 82 2215 ¹
216 2230 366 2297 veterum
386 2214 516 2297 quidam
536 2212 800 2297 septemtrionalia
815 2214 936 2277 Oceani
960 2215 1063 2279 finum
1082 2218 1149 2281 else
1171 2221 1266 2284 credi·

218 2318 347 2387 derunt.
370 2330 410 2377 ut
425 2315 577 2399 Caspium
591 2336 688 2387 unare.
709 2316 797 2397 quod
815 2329 929 2378 notant
942 2318 1027 2381 Plin.
1039 2335 1073 2392 a.
1091 2322 1155 2395 67.
1172 2321 1195 2387 s.
1207 2324 1264 2389 66.

216 2418 380 2491 Plutarch.
401 2419 436 2479 in
460 2418 549 2482 dlex.
574 2438 640 2500 cap.
666 2428 726 2499 44.
768 2417 912 2501 Procop..
929 2416 970 2482 de
991 2419 1030 2484 B.
1055 2422 1162 2486 Goth.
1178 2434 1214 2503 4.
1229 2426 1262 2489 6.

91 2526 97 2537 ’
216 2520 399 2587 Auianio
423 2520 669 2603 periplolmaria
691 2519 858 2615 Erythraei
886 2535 967 2584 extr.
1001 2541 1100 2604 quem
1131 2526 1265 2609 quidem

214 2641 375 2697 errorem,
407 2634 444 2680 ut
464 2621 559 2691 abor.
591 2622 722 2684 advexit
739 2633 822 2685 aetas
843 2634 877 2684 et
895 2623 1058 2704 expeditio
1080 2626 1264 2693 Alexandri.

214 2724 352 2787 Rectiue
371 2720 511 2803 plerique
533 2742 608 2784 cum
623 2723 732 2784 Ponto
753 2736 961 2788 connectunt.
994 2724 1113 2789 Noller
1133 2750 1162 2801 1,
1183 2751 1213 2801 ι.
1227 2740 1263 2809 4.

214 2842 290 2897 cum
305 2824 375 2886 aliie
390 2824 507 2885 interni
521 2825 616 2885 uraris
629 2822 823 2895 linemsacit,
849 2844 915 2907 quo
932 2838 967 2887 et
976 2824 1134 2909 respicere
1150 2846 1264 2914 putant

214 2926 346 3009 quidam
363 2925 543 3004 Scythicam
558 2943 681 2990 ¹vocem
700 2925 903 2998 Temeriuda,
930 2927 1016 3009 quast
1033 2932 1133 2995 maria
1155 2937 1263 2996 termi-

197 3046 288 3093 999.
320 3024 421 3109 Quod
436 3026 551 3108 Polyb.
566 3037 601 3104 4,
618 3036 679 3106 4ο.
699 3047 764 3091 999
779 3047 853 3089 cum
875 3026 941 3109 ipso
957 3028 1066 3092 Ponto
1088 3033 1262 3117 obpletum

211 3128 254 3193 lri
267 3128 434 3212 praedixit.
457 3143 586 3211 tempus
600 3130 736 3193 minime
750 3128 984 3212 comprobavit.
1022 3130 1068 3196 H.
1082 3135 1263 3218 adpellata:

214 3252 286 3293 mor
303 3228 379 3291 delle
392 3228 568 3301 Zabocclre,
590 3229 673 3293 dello
692 3231 792 3293 Yarro.
825 3231 895 3293 Alia
909 3232 1109 3315 populorum
1124 3242 1263 3305 nomina

211 3332 302 3399 dabit
317 3333 443 3414 Dapper
459 3332 498 3395 de
516 3331 677 3415 l’archipel
698 3352 731 3414 p.
750 3344 835 3412 519.

287 3463 450 3544 terras)
501 3464 587 3528 Cum
608 3463 713 3535 ttae.
736 3477 808 3526 tum
827 3464 988 3549 Europae.
1025 3468 1154 3535 lterum
1168 3476 1260 3539 enim

210 3566 278 3633 illic
290 3566 521 3648 adproximant,
547 3566 586 3627 ad
603 3566 727 3629 Tanain
743 3566 893 3629 coiturae.
926 3586 1117 3636 vtntxuve.

288 3701 463 3762 incurvo
470 3698 489 3779 )
540 3697 707 3781 Nusquam
722 3712 811 3789 recto
826 3710 943 3772 tractu.
969 3716 1006 3764 ut
1019 3702 1064 3766 att
1078 3702 1212 3775 Pontue
1224 3711 1259 3775 in

211 3798 309 3867 latere
328 3800 516 3864 meridiano.
551 3819 575 3864 1.
595 3820 793 3863 oaouovrve
811 3801 888 3865 MS.

288 3934 478 4017 aeqrrali)
509 3934 553 3995 Ut
574 3934 616 3995 ita
632 3946 792 4016 competat
806 3936 841 3996 in
856 3954 933 3997 eum
949 3934 1058 4003 hmilie
1072 3938 1257 4028 descriptio.

81 4094 83 4099 ,
211 4053 292 4119 quae
309 4035 491 4096 attribuitur
512 4033 591 4096 finnt
605 4035 728 4098 Persico
746 4048 778 4111 3.
792 4048 825 4115 3.
842 4053 875 4099 9.
911 4038 1018 4117 Prope
1037 4042 1161 4118 Ponto,
1187 4067 1256 4111 non

210 4150 249 4199 nt
269 4136 383 4198 habeat
408 4137 537 4218 plenam
560 4135 695 4220 speciem
721 4155 812 4202 arcue
834 4138 992 4218 Scythici.
1025 4138 1077 4206 sed
1099 4159 1139 4207 ut
1156 4152 1255 4212 etiam

210 4240 290 4305 cirea
303 4238 476 4323 introitum
488 4236 604 4307 babeat
614 4239 651 4309 in
662 4250 799 4327 utroque
812 4240 911 4309 latere
923 4255 1050 4311 rectum
1058 4250 1255 4339 marginem.
