2634 4716
212 404 286 475 ,ιρι
369 406 377 417 ·
493 388 659 453 etum
698 390 1003 449 nxnonrrctu

212 582 265 633 --ut
289 567 409 651 duplex
434 566 593 651 oppidum
619 566 772 629 crederet.
825 564 934 626 Haesn
967 578 1076 627 tamen
1100 562 1273 645 antiquum

226 690 369 741 nomen,
403 682 443 733 ttt
475 667 578 731 [olent
611 669 685 730 teliu
719 665 875 728 adfectare
905 681 1035 747 poetae,
1074 667 1109 725 in
1143 668 1272 727 Avieno

124 776 128 791 '
225 794 260 837 v.
284 752 380 853 591.Ι
410 772 579 855 Originum
596 771 684 831 urbis
699 770 738 831 ad
753 769 932 831 Phoenicen
948 766 1044 829 refert
1058 767 1182 831 Sallust.
1198 768 1272 850 lug.

224 893 293 959 cup.
317 891 371 953 ¹9·
400 874 441 935 ad
460 868 614 935 Sidonios
637 871 725 933 idem
748 890 775 934 c.
793 883 852 948 75.
870 872 916 933 in.
949 871 989 931 ad
1009 869 1128 950 Tyrion
1147 868 1273 931 Plinius

228 988 264 1055 5.
294 990 350 1053 17.
375 970 397 1034 i.
424 991 482 1057 19.
508 992 626 1060 genere
656 973 859 1036 coniunctos.
923 973 973 1034 De
1003 972 1139 1034 nomine
1170 967 1271 1051 [upra.

225 1076 422 1143 Posteriora
441 1088 559 1137 vocent
579 1074 756 1146 coloniam,
783 1074 885 1136 veluti
903 1073 1088 1136 Antoninus
1107 1072 1271 1133 in-itiner.

213 1200 261 1263 -Ρ,
285 1180 345 1257 65.
373 1192 407 1239 et
427 1177 531 1239 tabula
553 1196 627 1238 oum
651 1179 775 1247 nomio,
808 1194 889 1257 quoe
912 1175 1064 1237 exhibent
1086 1170 1215 1235 Eckhel
1238 1174 1273 1234 in

228 1281 374 1341 doctrina
398 1298 490 1340 num.
516 1278 553 1340 P.
578 1296 607 1342 ι.
633 1278 706 1341 Vol.
728 1288 762 1358 4.
786 1298 818 1360 p.
842 1290 923 1355 ¹30·
950 1288 984 1339 et
999 1274 1121 1339 liniche
1142 1276 1177 1335 in
1194 1274 1273 1337 Lex.

227 1382 271 1444 T.
289 1397 322 1442 α.
345 1381 384 1443 P.
402 1395 435 1441 α.
456 1401 488 1462 p.
510 1381 618 1459 1625.
636 1377 657 1441 i.
691 1380 795 1440 Patria
815 1374 878 1439 init
901 1378 1104 1459 Imperatoris
1123 1375 1275 1457 Septimii

225 1482 354 1547 Severi.
405 1480 533 1543 Incolae
550 1481 723 1560 Leptitani
741 1480 825 1562 apud
842 1479 963 1541 Sallust.
985 1482 1055 1563 lug.
1072 1498 1141 1561 cap.
1157 1492 1218 1556 77.
1241 1489 1275 1539 et

229 1584 323 1647 elioo.
366 1582 409 1644 H.
440 1582 581 1643 creditur
606 1581 668 1642 elie
694 1579 822 1642 Lebeda
848 1578 869 1645 i.
895 1578 1019 1642 Lebidn
1048 1581 1084 1641 in
1109 1581 1275 1640 rariorum

229 1681 398 1767 scriptura>
440 1682 491 1743 Ex
513 1682 678 1743 Aureliana
699 1696 800 1743 aetate
822 1682 922 1743 multa
942 1682 1082 1744 aedificia
1103 1682 1214 1743 minue
1233 1695 1276 1741 te·

227 1804 305 1847 rnen
326 1785 484 1847 concinne
509 1796 543 1845 et
566 1786 669 1847 nenio
692 1780 759 1845 iere
782 1782 894 1845 obruto
920 1782 967 1844 ibi
989 1780 1146 1866 conspici,
1177 1782 1276 1844 trudit

215 1886 332 1949 Bruce
350 1887 386 1947 in
401 1885 577 1947 introduct.
595 1885 636 1947 ad
652 1884 723 1947 iter.
740 1904 773 1967 p.
789 1904 834 1948 m.
853 1896 912 1965 35.

309 2053 482 2139 Syrtis)
517 2054 666 2118 Straboni
687 2070 743 2132 17.
765 2075 798 2139 p.
817 2062 902 2134 575.
925 2050 948 2120 i.
966 2065 1052 2135 555.
1084 2052 1275 2117 Ptolemaeo

231 2168 269 2239 4,
295 2171 398 2238 5.-
422 2150 574 2244 μεγάλη,
605 2158 706 2221 mator
726 2158 833 2221 Plinio
851 2168 884 2235 5.
908 2160 959 2235 4.·
989 2159 1028 2218 ln
1049 2156 1118 2219 aliie
1140 2168 1276 2237 utraque

230 2279 272 2322 ex
285 2259 346 2321 litu
361 2272 393 2321 et
412 2277 497 2319 nexu
513 2258 651 2321 discerni
674 2259 781 2322 debet.
833 2260 877 2324 lt.
898 2259 984 2323 italio
1001 2248 1102 2349 Goifo
1115 2255 1152 2319 dn·
1164 2256 1274 2329 Sirim,

230 2363 353 2425 nuntior
389 2350 491 2450 Golfo
509 2358 545 2421 di
563 2360 720 2425 zatoctn.

309 2532 350 2590 in
360 2527 507 2609 genio)
551 2530 599 2592 Itu
620 2530 684 2591 hoc
704 2529 839 2592 verbum
864 2524 978 2615 paffim
999 2527 1157 2593 derebus
1177 2528 1278 2593 etiem

232 2630 553 2719 inanimatie'dicitur
570 2632 608 2692 ad
629 2633 869 2712 exprimendam
889 2630 999 2694 'iarum
1014 2644 1160 2693 naturam
1175 2645 1211 2693 et
1231 2632 1279 2692 iu·

234 2732 363 2801 dotem,
393 2732 481 2793 unde
497 2732 555 2795 Sil.
573 2734 644 2795 ltul.
661 2742 695 2812 4,
715 2752 775 2812 91.
797 2732 978 2813 Explorate
997 2732 1083 2795 collis
1104 2730 1277 2815 ingenium,

234 2846 266 2894 et
285 2832 406 2913 campis
425 2852 506 2916 quae
517 2830 571 2923 stt
591 2847 719 2896 natura.
772 2834 885 2898 Livius
904 2845 961 2910 28,
982 2850 1035 2905 ιη,
1057 2852 1112 2898 ιι.
1134 2834 1277 2897 locorum

234 2936 456 3018 hominumque
477 2935 613 3015 ingenia.
658 2934 771 2996 Noster
789 2956 817 3009 t,
840 2949 893 3016 ι5,
913 2950 946 3015 5.
972 2936 1130 3016 ingenium
1144 2924 1276 3027 specus,

236 3050 270 3117 5,
291 3056 347 3107 to,
366 3050 398 3098 α.
413 3028 540 3127 fontis.
591 3036 653 3098 Sed
677 3036 1084 3119 pluradabuntDrakenb.
1102 3037 1278 3099 adsiliunt

234 3158 264 3202 c.
287 3139 310 3202 l.
341 3138 526 3202 Berneccer.
548 3138 587 3199 ad
612 3136 720 3200 lustin.
737 3154 769 3209 α,
795 3157 826 3210 o,
850 3151 883 3217 5.
920 3139 1056 3224 Lougoi.
1077 3138 1118 3199 ad
1140 3138 1229 3203 Piin.
1249 3158 1278 3207 ι.

236 3256 296 3311 20,
322 3254 377 3316 17.
413 3239 513 3302 Corte
540 3240 580 3301 ad
607 3240 728 3303 Sallust.
752 3238 863 3326 fragm.
887 3240 945 3304 lib.
963 3242 998 3304 6.
1024 3262 1056 3322 p.
1075 3250 1163 3319 995.
1199 3240 1279 3301 Bur·

236 3362 346 3404 mann.
363 3342 401 3401 ad
418 3340 516 3404 Ouid.
534 3342 668 3405 Metam.
684 3344 717 3413 6,
737 3352 820 3421 574.
844 3356 877 3403 et
890 3361 969 3423 quoe
984 3342 1179 3423 producunt.
1213 3342 1280 3405 To·

236 3458 307 3503 tum
332 3462 409 3505 vero
432 3442 520 3504 hunc
542 3444 649 3505 locum
677 3444 816 3504 reddidit
839 3444 1007 3505 Boot-atius
1031 3440 1051 3506 s.
1073 3463 1106 3505 v.
1130 3443 1279 3522 Syrtium

237 3545 386 3628 geminus
410 3542 510 3615 inrue,
547 3543 599 3606 ied
623 3564 682 3628 pro
711 3547 836 3625 ingenio
862 3542 968 3628 posuit
995 3565 1095 3625 opere.
1147 3542 1277 3607 dedum

236 3647 307 3706 eine
328 3643 474 3706 describit
498 3649 641 3708 Avienus
662 3668 695 3708 v.
716 3646 865 3727 2931qq.
886 3648 1067 3727 utriunque,
1099 3658 1135 3708 ot
1154 3648 1278 3730 perieu-

236 3744 335 3809 loium
353 3748 592 3831 navigationem
607 3747 721 3810 Strabo
741 3766 796 3828 ¹7·
820 3769 853 3831 p.
871 3759 954 3830 575.
973 3746 994 3811 i.
1010 3746 1096 3826 556.

314 3916 451 3976 attero
469 3907 646 4007 spatio)
696 3918 768 3980 Hoc
794 3918 837 3979 eii
868 3918 1005 3979 dimidio
1040 3914 1131 3999 spatii
1163 3914 1281 4002 prioris

121 4010 127 4024 ¹
242 4016 359 4096 Syrtis,
386 4038 445 4097 qua
469 4040 554 4081 mare
576 4021 772 4089 intromittit,
799 4036 843 4089 et,
869 4040 929 4101 qua
952 4019 1102 4091 nubitur,
1126 4020 1279 4102 amplior.

240 4118 304 4183 Hic
318 4122 408 4186 enim
421 4121 576 4209 loquendi
589 4124 707 4189 modun
715 4121 820 4187 Melae
834 4104 1002 4210 peculini·
1014 4120 1070 4188 eii.
1087 4138 1280 4187 vtotuum.
