2634 4716
217 415 284 488 ²78
491 411 655 474 uerte
692 409 995 516 exueremur
1106 408 1114 452 ·.
1187 425 1194 433 -

205 646 212 675 ,
300 575 478 679 adverso
495 576 709 677 [ρι’νίευ)Ι
666 584 862 670 >Lucan
884 607 939 656 ιο,
957 593 1041 665 945.
1067 580 1187 645 eadem
1206 577 1264 646 lle

223 709 328 774 aquus
359 688 433 751 Nili
464 684 608 776 Adfidrm
632 679 764 780 feriunt
795 700 973 801 coguntque
1002 681 1139 780 rejislere
1158 679 1266 774 fletu.

224 786 406 867 Plinius5,
433 811 487 852 ro.
499 788 565 902 l.9.
588 786 718 880 Etefiae
732 811 767 851 eo
782 802 919 870 tempore
935 808 976 850 ex
988 777 1267 878 adversoflautes.

224 892 277 959 Aa
298 889 426 954 sensum
448 887 587 952 omnino
612 893 693 954 alter
719 887 861 954 Plinius
875 887 998 975 epistol.
1016 900 1051 970 4,
1071 903 1131 965 30,
1149 899 1184 964 8.
1200 883 1269 976 flu·

121 1051 127 1075 ,
226 995 318 1057 mina
345 984 593 1083 adversantibus
620 995 726 1055 ventis
752 989 907 1076 obvioque
912 990 1014 1106 'aestu
1038 1003 1269 1073 retorquentur.

225 1092 305 1159 Fuit
332 1108 442 1156 autem
462 1093 555 1154 haec
569 1089 685 1177 opinio
709 1090 821 1155 olim
811 1114 847 1155 ιη
869 1089 987 1180 primis
1011 1088 1183 1162 Thaletis,
1219 1089 1268 1155 uti

226 1195 351 1258 docent
371 1191 539 1277 Diogenee
559 1197 719 1266 Laerur,
738 1216 767 1268 r,
786 1208 819 1272 3.
835 1194 857 1258 l.
877 1211 935 1273 37.
970 1195 1095 1257 Seneca
1118 1207 1189 1255 nat.
1204 1194 1268 1279 Qu.

226 1306 264 1376 4,
286 1313 317 1360 e.
352 1294 492 1359 Diodor.
510 1292 576 1360 Sic.
600 1319 629 1369 r,
649 1307 707 1374 55.
737 1293 861 1382 aliique
883 1299 994 1381 plures
1017 1290 1270 1358 commemorati

227 1416 247 1460 a
272 1394 430 1480 Menagio
456 1396 497 1459 ad
518 1395 662 1481 Diogen.
684 1401 792 1460 Laert.
814 1406 857 1482 p.
871 1415 929 1461 21.
949 1417 978 1461 c.
1001 1399 1022 1460 l.
1073 1395 1272 1459 Adversatur

227 1514 358 1584 praeter
382 1495 463 1560 alios
486 1498 649 1560 Ludollue
661 1496 704 1560 in
727 1497 837 1561 hiller.
858 1495 1054 1583 Aethiopiae
1072 1522 1102 1571 r,
1120 1508 1154 1574 8.
1183 1496 1271 1562 etin

185 1656 189 1661 ,
227 1615 409 1665 comment.
436 1620 464 1661 c.
497 1602 518 1660 l.
558 1615 727 1684 praetenta
760 1597 983 1684 experientia;
1034 1619 1158 1683 nempe
1194 1620 1271 1663 cum

227 1702 354 1765 Etesiae
373 1702 433 1764 lint
447 1697 600 1762 omnium
616 1699 891 1785 temperatissimi,
913 1717 953 1764 -et
969 1697 1119 1763 interdiu
1140 1717 1271 1764 tantum

229 1799 364 1887 spirent,
391 1817 495 1864 noctu
510 1799 690 1885 quiescant,
717 1799 754 1864 irl
771 1822 826 1864 eos
844 1802 948 1864 folum
963 1800 1096 1865 efficere
1111 1803 1212 1885 polle,
1234 1817 1273 1865 ut

228 1900 449 1988 inaequaliter
469 1899 567 1965 Nilne
592 1902 724 1967 crescat.
784 1900 941 1966 Pluribus
964 1901 1038 1966 telis
1060 1901 1273 1988 impugnavit

228 2001 384 2069 Aristides
400 2004 498 2066 Tom.
512 1990 542 2066 u.
557 2025 590 2088 p.
602 2019 685 2083 332.
701 2003 790 2067 lebb.
805 2052 808 2056 ‹
823 2009 855 2082 r)
873 2002 963 2090 quia,
981 2002 1024 2066 iie
1038 2001 1182 2066 minime
1195 2004 1274 2067 fian·

230 2101 339 2178 tibus,
369 2103 460 2167 idem
481 2103 760 2180 tameneverriat;
798 2111 833 2185 e)
856 2103 892 2167 id
908 2103 987 2167 alibi
1005 2107 1045 2168 ab
1063 2103 1139 2168 aliie
1162 2103 1270 2169 ventis

229 2204 306 2276 fieri
323 2227 391 2270 non
409 2209 553 2290 legatum
583 2212 619 2286 5)
634 2210 758 2270 Etefiae
771 2227 839 2269 non
857 2222 1048 2270 tamcontra
1063 2205 1181 2269 ostium
1191 2205 1270 2281 Nili,

230 2329 334 2394 quern
350 2308 523 2372 adversum
538 2306 732 2371 orientalem
747 2306 854 2394 ripam
871 2296 1004 2394 spirent,
1030 2328 1107 2372 cum
1121 2307 1274 2395 plerique

229 2412 294 2475 lint
315 2407 474 2494 Zephyri,
507 2407 565 2495 qui
586 2411 626 2473 ab
650 2408 784 2476 Oriente
807 2407 844 2473 in
865 2407 1085 2474 Occidentem
1106 2408 1273 2486 ferentum

230 2516 271 2591 4)
295 2527 420 2575 tantam
434 2507 505 2573 vim
525 2507 575 2572 illi
596 2530 664 2573 non
683 2513 843 2585 habeant,
875 2511 1000 2598 quippe
1021 2532 1108 2598 quae
1128 2510 1274 2598 rapidio-

231 2611 325 2675 ribus
349 2613 432 2673 adeo
453 2630 524 2672 non
546 2607 637 2673 infit:
680 2618 716 2690 5)
738 2611 909 2675 manifesto
930 2610 972 2674 iia
996 2611 1153 2676 flantibus
1178 2612 1274 2677 Nilne

208 2751 210 2755 ·
229 2713 366 2788 effluam
404 2715 440 2792 6)
463 2711 578 2773 aestate
595 2710 700 2795 magis
717 2714 803 2785 lere,
831 2735 932 2799 quam
947 2710 1058 2777 hieme
1074 2735 1161 2802 equa
1179 2713 1275 2778 emit·

230 2828 331 2879 tatur.
382 2815 534 2876 Attamen
555 2815 711 2875 Wansleb
735 2812 831 2876 lleile
855 2817 941 2878 nach
964 2816 1133 2900 Aegypten
1155 2838 1188 2900 p.
1217 2835 1272 2880 er.

227 2913 283 2994 (in
298 2916 421 2978 Paulus
437 2915 632 2997 Sammlung
651 2949 695 2962 -
714 2917 750 2977 P.
769 2919 816 2994 5.)
839 2936 880 2979 ex
901 2914 1044 2981 aliorum
1065 2915 1274 2981 sermonibut

229 3015 354 3103 suaque
376 3013 477 3100 ipfiue
502 3012 705 3098 experientia
730 3014 944 3081 confirmatur
967 3018 1079 3090 refert,
1105 3041 1168 3113 per
1190 3017 1275 3083 illud

231 3114 363 3203 tempus
380 3113 572 3181 Thralciam
592 3117 1076 3198 (Nord·N0rd·West·Wind)
1100 3117 1225 3204 spirare
1244 3136 1276 3184 et

230 3217 407 3284 ellluvium
419 3216 501 3289 Nili,
527 3230 628 3302 prtrut
640 3215 740 3301 spirat
758 3235 814 3282 aut
829 3218 950 3290 acrius,
970 3237 1027 3283 aut
1041 3218 1152 3283 lenius
1168 3219 1276 3307 magio

231 3312 386 3385 minuere
407 3319 575 3383 retardare
589 3335 623 3381 et
644 3317 725 3383 hine
746 3309 990 3384 incrementum
1006 3342 1138 3406 augere.
1183 3321 1276 3387 idem

232 3421 385 3484 adfirmat
407 3420 508 3483 etiam
522 3443 554 3504 p.
577 3423 657 3484 160.
680 3416 887 3506 etsrp16'6.
910 3420 1125 3507 praecipuam
1142 3425 1277 3489 caulam

228 3522 339 3586 desert
354 3520 389 3583 in
404 3520 547 3607 pluviae,
568 3538 607 3585 ut
621 3523 746 3603 Velney
759 3545 790 3607 p.
807 3535 866 3602 45.
899 3524 965 3587 Sed
979 3521 1047 3588 vid.
1068 3525 1174 3612 lupre.

308 3672 639 3756 Antichthonus)
689 3653 853 3737 Antoecoe
883 3672 939 3739 hic
966 3677 1068 3741 habet
1092 3642 1280 3765 Nicagorri

230 3775 320 3861 apud
343 3776 452 3838 Schol.
475 3771 642 3858 Apollonii
662 3775 705 3846 ad
725 3785 762 3859 4,
780 3776 864 3862 296.
887 3777 989 3852 uude,
1016 3799 1083 3868 quo
1103 3779 1205 3846 sensu
1221 3801 1277 3846 v..

229 3878 338 3950 leant,
361 3872 571 3977 intelligitur.
588 3963 590 3967 Ι

304 4049 425 4092 raeco
433 4027 453 4111 )
503 4026 559 4092 Sic
576 4048 653 4094 cum
663 3980 804 4097 flumine
821 4027 980 4097 dicuntur
999 4034 1185 4119 procedere
1205 4055 1278 4101 non

229 4141 361 4197 tentum
375 4129 433 4196 lub
451 4145 556 4209 terra,
588 4129 762 4200 sedetiam
780 4132 840 4201 lab
857 4128 929 4224 iplo
945 4132 1049 4214 mari,
1080 4152 1185 4226 preat
1197 4134 1278 4210 ttlil
