2634 4716
135 427 199 497 44·
303 442 308 452 ·
403 417 565 479 stom
603 417 907 477 exacuarcsa

136 595 223 657 unde
238 594 334 656 etism
349 590 431 656 inire
449 610 482 662 o.
500 610 534 655 2.
550 591 596 656 in.
612 593 653 657 de
663 594 797 656 Thracia
811 594 940 665 dicitur,
958 611 1049 674 agere
1062 591 1180 657 latera.

137 714 163 758 s.
176 713 375 761 cnouovrvs
387 694 463 758 MS.
475 710 508 757 2.
546 687 691 788 Dorsum
706 715 784 758 vero
798 696 964 778 proprium
979 694 1023 756 est
1038 694 1181 755 verbum

137 797 179 859 de
201 796 376 859 montibus.
416 796 470 859 sic
489 808 559 858 toto
572 788 667 889 dorso
686 796 831 876 procedit
851 798 885 857 irs
905 797 1037 876 pelagus
1051 812 1084 864 o.
1104 812 1136 863 2.
1155 793 1179 858 s.

135 911 169 960 et
188 900 276 981 apud
300 897 469 982 Virgilium
489 899 569 960 Aen.
594 919 623 970 ι,
643 918 725 963 110.
745 896 876 961 dorsum
900 902 934 959 in
956 899 1036 959 nssri
1059 898 1180 958 dicitur

135 1019 195 1084 pro
212 999 350 1065 exstante
367 999 458 1061 colle.
493 1018 518 1061 1.
537 1018 733 1063 osouovsvs
752 1000 828 1062 Mo.
852 1021 882 1061 ι.
925 989 1071 1090 Dorsum
1089 1019 1127 1059 ex
1144 1000 1180 1058 ri

132 1102 224 1164 vocis
247 1102 373 1183 propria
388 1120 454 1161 non
472 1103 607 1163 omnino
622 1101 665 1165 esi
679 1121 831 1164 cacumen
855 1103 990 1169 montis.
1018 1097 1070 1163 sed
1085 1099 1180 1184 figni-

133 1204 207 1265 srcat
222 1204 406 1263 continuata
429 1215 462 1263 et
480 1216 636 1284 protracta
661 1205 823 1265 montium
846 1205 934 1288 iuga.
967 1203 1008 1263 de
1027 1222 1092 1282 quo
1117 1199 1179 1261 usu

133 1304 221 1365 varia
257 1303 395 1387 conlegit
424 1300 661 1367 Emmenesfius
692 1306 731 1367 sd
765 1304 874 1388 Virgil.
897 1325 924 1365 c.
949 1305 971 1366 l.
1022 1305 1075 1364 Sic
1101 1304 1181 1382 iuga

132 1405 290 1466 montium
318 1417 471 1486 perpetuo
500 1406 607 1485 paullo
637 1406 707 1489 post
729 1397 856 1498 dorsum
879 1418 973 1466 voest
994 1403 1127 1467 Curtius
1145 1416 1178 1480 5.

132 1515 170 1585 4,
190 1518 224 1582 5.
265 1506 364 1574 Tum.
392 1508 477 1586 quod
498 1527 591 1587 ogere
610 1509 734 1577 adiecit,
765 1521 839 1587 apte
858 1521 966 1568 motus
989 1502 1178 1590 progressio·

132 1627 210 1669 nem
232 1608 403 1677 indicavit,
430 1621 462 1668 et
481 1628 540 1688 pro
557 1608 689 1690 simplici
712 1608 878 1670 locutione
894 1608 991 1677 dixit,
1017 1628 1079 1690 qua
1103 1608 1178 1690 iuga

35 1696 37 1705 ¹
132 1709 257 1770 montis
277 1709 509 1779 extenduntur.
537 1718 781 1791 promoventur.
833 1711 891 1779 At,
917 1709 1110 1790 quominus
1133 1710 1178 1769 ita

130 1798 280 1891 euplicari
300 1809 352 1869 hic
371 1807 483 1891 possit,
509 1809 629 1871 obstare
652 1811 803 1871 videntur
822 1813 967 1891 proxima
986 1809 1082 1871 verba
1107 1829 1177 1888 per·

129 1922 230 1992 petuo
246 1912 335 1992 iugo,
369 1931 465 1991 porro
495 1910 586 1973 series
607 1910 827 1993 descriptionis
849 1925 881 1972 et
902 1910 967 1994 ipse
992 1910 1065 1971 usus
1089 1911 1176 1972 illius

132 2012 225 2072 'vocis
239 2013 273 2072 in
292 2012 387 2073 Mela.
424 2012 508 2075 Nom
527 2009 778 2098 progressionem
797 2010 903 2075 versus
920 2014 1088 2074 meridiem
1110 2014 1176 2073 iam

130 2117 276 2184 ¹notavit,
310 2129 406 2196 quare
437 2099 572 2177 ulterior
604 2112 770 2197 descriptio
797 2115 882 2175 aliud
917 2114 995 2195 quid
1027 2113 1173 2196 postulat.

83 2254 87 2265 ·
129 2215 220 2296 quod
250 2215 426 2277 declaretur
459 2218 491 2276 in
522 2213 623 2277 forma
651 2217 784 2279 montis.
834 2216 881 2275 lta
909 2234 986 2277 vero
1015 2235 1043 2284 s,
1065 2234 1100 2294 9.
1128 2217 1173 2278 in.

129 2318 296 2396 Aegyptus
318 2314 359 2376 ab
380 2317 439 2377 hoc
457 2317 549 2378 litore
573 2319 688 2393 (marie
710 2318 849 2394 interni)
879 2318 1004 2394 pertitus
1024 2316 1114 2376 immi
1142 2337 1172 2387 a,

129 2416 231 2478 'siorrec
251 2418 453 2496 Aethiopiam
476 2408 570 2509 dorso
587 2419 774 2498 restringat,
798 2416 842 2478 ad
863 2416 1017 2477 meridiem
1035 2408 1171 2506 refugit.

128 2518 180 2581 lbi
202 2520 334 2598 quidem
352 2519 392 2579 de
410 2520 494 2602 iugis
508 2521 670 2580 montium
690 2520 821 2603 cogitari
843 2521 973 2599 nequit,
1006 2537 1066 2579 nec
1087 2519 1173 2603 cogi·
1218 2596 1221 2605 .

127 2617 202 2680 taffo
217 2619 311 2688 alios,
337 2618 531 2701 exipsorum
554 2621 822 2703 explicationibus
843 2620 979 2699 adparet.
1017 2621 1064 2679 lta
1082 2622 1171 2680 enim

127 2719 256 2784 Plinius
272 2733 305 2796 5.
324 2736 356 2797 9.
375 2718 395 2782 s.
410 2730 445 2800 4.
470 2723 634 2802 Aegyptus
650 2720 694 2781 ad
718 2721 872 2782 meridiem
894 2720 1046 2789 recedens.
1072 2720 1172 2781 donee

128 2841 152 2883 a
178 2837 266 2901 tergo
291 2821 544 2898 praetendantur
566 2822 747 2902 Aethiopes.
799 2821 885 2886 Cum
914 2818 1023 2882 Plinio
1048 2832 1170 2902 tergum

126 2923 226 2986 etiam
248 2921 368 2983 habent
388 2924 519 2986 Solinus
535 2942 603 3007 cap.
625 2935 683 3002 35.
702 2921 723 2985 s.
740 2937 799 3001 32.
815 2925 860 2984 in.
886 2935 919 2984 et
940 2923 1087 2983 Martian.
1112 2923 1171 2986 Ca·

126 3023 210 3108 pella
229 3021 284 3084 lib.
304 3025 337 3087 6.
356 3044 387 3106 p.
407 3036 491 3102 218.
544 3024 668 3087 Omnes
688 3026 785 3108 igitur
802 3026 841 3086 de
861 3022 964 3085 aversa
979 3039 1083 3106 parte,
1109 3044 1170 3107 qua

39 3199 43 3209 .
127 3126 252 3188 alitore
269 3124 375 3188 versus
393 3127 597 3210 Aethiopiam
611 3126 745 3196 recedit.
772 3127 1009 3187 intellexerunt.
1062 3127 1106 3199 Et
1129 3125 1170 3187 sic

126 3228 233 3292 Athos
251 3244 284 3297 2.
304 3243 336 3290 o.
351 3225 373 3288 s.
398 3248 461 3288 uon
483 3229 713 3308 promontorio.
740 3240 776 3289 ut
797 3226 862 3299 olii,
885 3248 992 3287 oerum
1009 3239 1099 3288 totus
1116 3249 1169 3288 ex·

117 3327 210 3417 slot.
246 3339 376 3411 totoque
400 3328 492 3408 louge
519 3320 613 3420 dorso
641 3327 786 3409 procedit
813 3327 845 3389 in
871 3328 1003 3409 pelagus
1024 3331 1047 3391 i.
1070 3348 1099 3390 e.
1127 3328 1167 3391 ab

127 3447 259 3511 utraque
275 3442 378 3511 parte.
408 3450 425 3491 a
443 3428 548 3494 fronte
563 3443 596 3492 et
615 3444 749 3514 atergo.
794 3429 920 3493 Plinius
933 3440 968 3508 4.
996 3445 1048 3505 17.
1068 3427 1088 3492 s.
1111 3451 1168 3494 so.

125 3556 149 3596 a
173 3532 310 3611 planitie
332 3534 471 3592 excurrit
497 3535 530 3594 in
556 3552 651 3593 mare.
703 3528 818 3593 Sensus
847 3533 944 3616 igitur
969 3531 1022 3591 hic
1047 3529 1167 3595 subellt

126 3656 187 3718 qua
203 3632 242 3694 ab
257 3634 379 3717 origine
394 3634 432 3694 sd
448 3634 544 3697 tinem
559 3632 726 3715 procurrit,
750 3647 783 3693 et
800 3632 839 3694 ssc
853 3633 1027 3714 obponitur
1041 3633 1167 3697 verbis:

126 3733 168 3800 ab
198 3735 282 3799 Eois*
305 3732 450 3796 litoribus
482 3726 660 3828 exsurgerrr.
713 3735 872 3817 Interpres
898 3732 1072 3815 Hispanus:
1106 3756 1168 3816 por·

125 3837 229 3899 dende
254 3848 327 3897 toea
353 3856 412 3897 corr
429 3827 489 3929 sus
515 3832 683 3928 crfiadosr
715 3836 823 3897 minus
848 3832 1004 3899 accurate:
1059 3836 1167 3920 Atque

124 3942 201 4001 inde
223 3938 320 3999 etiam
343 3958 477 4018 maguae
496 3950 606 4018 gentes
625 3936 762 4021 intelligi
784 3937 923 4019 possunt.

197 4038 388 4120 dicernit)
423 4039 548 4101 Plinius
564 4050 597 4115 5.
616 4052 674 4111 27.
696 4037 832 4123 mediam
848 4037 1028 4132 distrahens
1043 4035 1165 4127 Afiam.

123 4138 184 4238 mss
208 4137 397 4226 obprimeret
420 4152 523 4208 terras
549 4151 744 4221 oceumrent
761 4141 883 4224 ,merim
944 4137 1063 4235 Resciit
1088 4163 1165 4224 ergo
