2634 4716
131 420 193 494 ιω
249 392 296 502 ᾗ
400 403 565 472 notat
605 391 910 469 axaoarloao
1026 454 1031 465 .

95 582 97 587 ’
130 586 229 651 urben
247 605 266 650 a
283 583 483 651 Mauretania
503 581 613 650 versut
631 582 769 649 Africam
788 584 970 670 propriam,
1001 578 1060 647 [ed
1079 574 1182 646 mxl

20 674 27 701 ⁸
132 711 201 754 mae
221 701 350 752 tantum
372 689 502 776 eligere.
532 705 636 752 roan.

213 892 333 958 Cirta
342 890 361 976 )
410 891 464 956 Sic
482 905 516 953 et
538 891 666 957 Gneus
686 886 808 981 liipre.
859 888 989 954 Incolae
1007 876 1183 981 Cirtenset.

133 1007 168 1060 et
183 996 223 1057 ilc
241 989 433 1085 Cirtenfium
448 992 623 1074 respublica
637 994 674 1057 iu
689 992 808 1080 Digest.
823 1009 879 1063 ot.
899 993 932 1064 6,
949 1004 982 1070 5.
1009 987 1186 1078 lineium

132 1097 323 1161 Ptolemaeo
339 1107 374 1176 4.
392 1110 426 1176 5.
459 1096 627 1175 Pliniue5‚
645 1110 677 1159 o.
689 1092 757 1175 lg.
780 1094 870 1167 addit
888 1093 1024 1166 colonia,
1043 1106 1081 1157 ut
1095 1092 1185 1154 Mar·

132 1177 210 1260 iian.
229 1196 307 1280 Cap.
324 1200 357 1262 6.
374 1217 407 1281 p.
424 1196 510 1263 2'16.
535 1198 661 1263 Anton.
681 1198 716 1259 in
730 1197 838 1260 itiner.
854 1216 887 1279 p.
907 1207 966 1275 αθ.
983 1204 1045 1276 4ι.
1071 1192 1184 1257 utute

131 1300 282 1383 Peuting.
300 1313 333 1377 5.
350 1302 392 1363 D.
412 1301 485 1379 (ed.
500 1298 661 1381 Scheyb.)
693 1295 770 1361 urbs
790 1297 924 1362 Solinus
947 1316 976 1361 c.
994 1313 1054 1377 29.
1074 1292 1099 1359 l.
1117 1294 1182 1361 26.

131 1397 272 1466 Ἰουλίου
294 1401 432 1463 Ptolem.
452 1411 487 1481 4,
511 1414 545 1482 5.
597 1400 767 1464 APunioa
794 1418 875 1462 voce
903 1398 1030 1463 Cartha
1053 1397 1184 1461 derivat

132 1500 282 1564 Bochart.
308 1502 342 1564 ln
363 1502 468 1567 Chen.
489 1525 518 1574 r,
542 1511 602 1582 24.
637 1502 815 1585 Antiquam
835 1513 921 1563 oerte
943 1497 1061 1563 urbem
1082 1510 1185 1563 voert

104 1582 108 1607 ¹
134 1602 263 1668 Orofiuo
280 1615 313 1681 5.
336 1616 391 1681 25.
422 1603 599 1689 iugurthae
619 1616 720 1667 aetate
740 1600 803 1686 fuit
817 1597 1007 1665 validilluna
1023 1614 1058 1687 et
1071 1601 1184 1663 moui·

133 1698 266 1776 uffima,
293 1705 381 1787 quod
398 1705 577 1791 intelligere
595 1705 672 1766 lieet
690 1722 731 1767 ex
745 1703 867 1768 Sallust.
888 1704 961 1789 lug.
976 1722 1044 1786 cap.
1063 1712 1124 1781 25.
1145 1713 1184 1765 et

41 1858 48 1883 ,
132 1806 211 1868 hino
229 1794 464 1893 εὖερκεστᾶτην
486 1818 582 1869 vocat
601 1805 715 1869 Strabo
735 1820 792 1882 17.
811 1827 846 1889 p.
864 1817 949 1884 572.
967 1803 989 1867 l.
1008 1818 1095 1885 832.
1121 1801 1189 1893 ulti¹

46 1938 50 1949 ,
91 1920 95 1929 “
133 1907 232 1978 addit,
258 1905 433 1969 Mafintltae
449 1920 482 1968 et
499 1904 705 1970 luccellorunr
723 1906 812 1992 (vid.
829 1906 917 1989 poll)
940 1902 1181 1991 regiarufitilld.

132 2007 312 2092 aMioipla.
344 2008 491 2071 deductio
512 2026 553 2071 eo
579 2007 717 2079 Graecia.
743 2009 877 2071 mirifice
896 2008 1121 2091 amplificatam
1144 2021 1182 2071 et

133 2126 270 2175 auctam.
321 2109 429 2195 Quare
445 2111 481 2171 in
502 2111 681 2195 praecipuit
697 2108 831 2174 urbibue
850 2110 962 2192 ponit,
988 2123 1022 2173 et
1043 2108 1188 2193 opolen·.

1 2213 3 2224 ¹
132 2208 289 2276 tissimum
310 2211 467 2294 oppidum
488 2213 581 2298 regni
603 2212 702 2274 lubae
722 2224 817 2275 vocat
838 2207 966 2273 Hirtino
988 2210 1029 2272 de
1042 2210 1091 2301 ΙΒ.
1108 2209 1180 2275 Ale.

132 2334 200 2398 cap.
225 2326 285 2391 25.
335 2311 425 2384 Poll,
454 2313 531 2378 telle
555 2314 688 2378 Aurelio
710 2314 795 2379 Viot.
813 2312 857 2376 <le
878 2306 967 2377 Cael.
985 2331 1054 2396 cap.
1073 2309 1180 2392 4⁰.ss

131 2437 205 2480 oum
228 2414 394 2478 obfidione
411 2415 585 2478 Alexandri
605 2414 781 2485 oecidillot‚
814 2416 947 2477 excitata
970 2427 1004 2474 et
1025 2422 1182 2479 exornott

134 2500 369 2609 Conslontinoe
388 2535 510 2578 nomen
531 2516 690 2589 obtinuit.
716 2518 750 2578 iu
768 2516 926 2580 honorem
943 2515 1075 2598 quidem
1089 2512 1180 2581 Gon·

132 2618 260 2682 liantini
281 2616 328 2678 M.
356 2635 453 2697 quem
476 2629 586 2679 tamen
606 2618 689 2681 male
710 2618 948 2681 instauratorem
968 2618 1039 2679 eiua
1061 2630 1190 2701 putant·

132 2719 229 2803 Angli
251 2720 285 2777 in
301 2716 372 2780 hill.
389 2718 504 2780 cathol.
518 2720 560 2780 T.
574 2720 628 2782 ιδ.
646 2739 679 2802 p.
695 2740 707 2779 ι
722 2733 775 2797 ι5.
799 2733 833 2781 et
848 2721 882 2781 in
897 2718 1040 2801 epitome
1057 2720 1130 2781 Vol.
1142 2732 1179 2785 a.

132 2820 166 2904 15.
185 2839 242 2883 10.
269 2830 309 2879 ut
325 2818 379 2879 ibi·
391 2818 501 2880 docuit
515 2818 670 2883 liitterue.
707 2819 779 2882 Hoc
795 2840 873 2883 vero
888 2821 1024 2883 nomine
1040 2822 1181 2884 occurrit

116 2906 167 2983 'in
181 2918 386 3004 scriptoribus
402 2918 605 2993 Christiania,
630 2936 664 2985 et
683 2921 839 3005 prolixior
852 2918 1004 3005 descripta
1019 2904 1064 2985 est
1079 2942 1098 2985 a
1113 2923 1182 2987 Cu·

131 3040 210 3108 pero
235 3023 275 3085 ad
300 3022 441 3084 Lactant.
466 3023 507 3084 de
537 3037 636 3087 mort.
662 3021 853 3106 persecutor.
879 3042 947 3105 cap.
972 3033 1034 3104 44.
1085 3025 1181 3089 Ultra

130 3121 321 3207 impingam
340 3139 469 3206 ponunt
487 3123 630 3195 Plinius.
664 3125 871 3189 Ptolemaeut
890 3126 1024 3208 aliique,
1049 3139 1084 3188 et
1106 3124 1182 3211 poli

132 3227 268 3289 Tre-tum
284 3228 317 3286 in
335 3223 555 3311 lllaffyliorum
576 3227 701 3315 ditione
716 3227 829 3293 Strabo
848 3245 875 3291 o.
892 3222 915 3292 1.
941 3245 982 3289 ex
1002 3245 1069 3309 quo
1083 3228 1181 3313 adpa-

131 3341 198 3398 ret,
224 3322 278 3387 iu't
299 3336 365 3389 non
386 3324 456 3389 latio
475 3310 617 3392 accura'te
630 3308 941 3391 Melam'Numidiae
958 3328 1046 3391 huno
1065 3330 1180 3393 termi-

130 3417 213 3492 num
236 3426 384 3498 llatuille,
417 3443 473 3489 aut
493 3430 594 3493 laxiue
619 3450 637 3492 a
660 3430 793 3492 flumine
816 3443 928 3492 notare
947 3414 1110 3509 maluillo,
1143 3440 1180 3495 et

132 3524 352 3609 Mallyliorum
368 3532 554 3610 portionem
574 3531 638 3593 huc
654 3533 751 3594 etiam
777 3529 976 3593 referendam
999 3530 1071 3594 elle.
1124 3533 1177 3596 De

131 3630 193 3695 fitu
217 3629 324 3692 verlur
345 3650 432 3692 mare
457 3631 538 3714 poli.
589 3633 698 3696 Hodie
720 3634 754 3695 in
779 3631 1007 3697 constantinae
1037 3634 1176 3698 nomine

132 3729 353 3803 consentium.
385 3752 578 3815 quamquam
602 3749 748 3797 veterem
769 3754 836 3798 nou
856 3747 980 3817 aequat.
1030 3736 1083 3797 De
1106 3738 1177 3801 elue

130 3832 301 3897 ruderibus
323 3834 488 3896 adeundae
509 3837 649 3899 maxime
669 3835 717 3898 est
738 3836 836 3899 Shaw
850 3854 879 3899 o.
901 3837 923 3898 l.
947 3854 1019 3921 pag.
1044 3837 1114 3916 156
1129 3836 1174 3921 lq.

130 3933 184 4000 Cf.
203 3936 299 3998 etiam
323 3934 471 4018 Cuperuo
486 3957 513 3999 c.
535 3937 557 3999 l.
610 3937 736 3999 Partem
759 3940 877 4000 veterio
898 3956 994 4021 aquae
1012 3939 1128 4002 duotue
1144 3920 1183 4002 [οΙ

128 4037 177 4100 ibi
199 4035 353 4099 iuvenilia
373 4051 477 4101 uertat
498 4039 605 4105 uruca
630 4041 666 4102 in
687 4037 816 4105 lieileo.
860 4040 934 4107 vid.
957 4039 1027 4104 eiua
1047 4040 1173 4130 proleg·

126 4156 199 4226 ru·
226 4150 285 4218 ao·
