2634 4716
195 392 262 460 302
304 340 308 349 Ι
470 374 632 443 nom
672 378 973 437 extenuatum

196 577 282 645 quae
297 569 473 620 moverunt
488 554 662 627 Solonem,
686 565 725 616 nt
739 573 817 617 eum
834 552 1035 615 conveniret.
1060 551 1246 638 (Herodot.
1280 562 1282 575 '

206 680 235 729 r.
257 656 337 742 3ο.)
376 658 469 720 Obiit
484 655 540 716 sub
556 655 720 736 Cambysu
742 655 984 738 expeditionem
996 654 1032 717 in
1047 654 1248 740 Aegyptum.
1264 720 1267 724 ,

198 762 362 827 Herodot.
380 772 413 841 3.
435 777 492 825 ιο.
527 758 664 821 Diodor.
685 778 713 830 t,
733 758 793 837 68.

269 955 302 1057 s
302 983 404 1042 upra
429 959 622 1022 tredecim
635 993 685 1010 -
695 959 715 1043 )
765 961 817 1023 De
836 959 995 1023 Herodoti
1013 971 1047 1023 et
1061 958 1167 1021 Melae
1185 957 1249 1023 die·

144 1140 147 1151 Ι
201 1063 285 1130 hdio
306 1066 376 1127 dixi
395 1063 430 1124 in
453 1063 540 1124 notia
560 1062 688 1125 criticis.
732 1062 773 1122 dt
789 1077 879 1126 mota
897 1062 949 1123 hic
964 1061 1082 1125 allalia
1097 1060 1249 1143 quaestio,

201 1170 246 1253 de
263 1184 422 1229 annorum
436 1165 559 1225 ratione
575 1175 608 1226 et
622 1162 745 1226 ambitu
760 1165 845 1247 apud
859 1164 1044 1248 Aegyption
1078 1164 1143 1226 etii
1158 1164 1249 1225 enim

201 1266 401 1333 nrettllruum
418 1263 576 1354 pryveoiov,
602 1262 724 1327 faciunt
738 1267 777 1327 ed
795 1265 890 1327 lutrae
904 1263 1048 1338 cursum
1069 1263 1251 1351 (Eudoxue

202 1372 289 1454 apud
306 1369 455 1430 Proclum
471 1368 506 1428 in
521 1366 648 1430 Platon.
663 1368 835 1429 Tlmaeum
852 1366 909 1431 lib.
926 1384 958 1432 ι.
974 1387 1007 1449 p.
1027 1379 1085 1446 33.
1108 1367 1248 1430 Diodor.

207 1492 239 1544 t.
257 1483 317 1547 6⁰·
344 1470 442 1531 Varro
457 1468 540 1549 apud
555 1468 696 1530 Laetam.
708 1485 741 1539 2.
759 1485 815 1540 to,
831 1484 891 1532 Μ.
915 1468 1074 1530 Plutarch.
1089 1462 1125 1529 ln
1141 1465 1250 1529 Numa

204 1582 353 1655 oap.18.
386 1570 511 1630 Pliniue
535 1583 568 1643 7,
593 1568 694 1649 49.l.
712 1578 772 1651 43.
810 1570 924 1634 Suidae
944 1567 964 1631 l.
983 1591 1016 1631 v.
1037 1562 1162 1656 ἥλιος.)
1196 1569 1249 1631 alit

202 1672 405 1743 bimestrem
431 1668 647 1747 (Censorium
674 1670 715 1731 de
735 1672 789 1733 die
810 1672 906 1733 natali
929 1691 997 1753 cap.
1024 1672 1101 1750 19.)
1141 1671 1249 1734 trime

203 1775 300 1858 litem
324 1773 377 1833 alii
399 1773 437 1832 ad
460 1783 597 1853 quatuor
616 1772 692 1833 anni
715 1784 877 1852 temporam
911 1772 1044 1847 (suidas
1061 1791 1090 1834 c.
1112 1771 1156 1849 l.)
1196 1771 1250 1834 elii

204 1872 483 1960 quadrimestrem3
508 1871 737 1950 (Solinuec.1.
752 1868 774 1933 l.
787 1885 819 1950 3.
836 1885 910 1935 ante
921 1872 1110 1957 Augustum,
1132 1870 1252 1936 Censo-

203 1978 295 2039 rinus
311 1994 338 2036 c.
356 1974 392 2051 1.)
419 1973 559 2053 denique
577 1972 748 2054 perductur
765 1971 862 2035 estad
884 1987 926 2052 15
942 1972 1066 2038 mettim
1080 1988 1114 2036 et
1128 1987 1151 2053 5
1168 1974 1249 2039 diet.

200 2075 471 2158 (Censorinue‘o.
493 2075 535 2151 l.)
584 2072 684 2158 Quod
707 2094 747 2136 ex
772 2074 964 2158 Palaepheto
989 2096 1056 2158 rap.
1076 2089 1133 2154 53.
1158 2089 1192 2157 3.
1218 2091 1253 2139 et

206 2178 305 2243 Suida
328 2177 348 2241 l.
365 2198 397 2241 v.
416 2168 611 2258 Ἥφαιστος
629 2175 702 2236 addi
718 2175 829 2259 potest.
856 2173 1081 2258 antiquiffimia
1101 2180 1254 2259 tempori·

205 2282 266 2344 bue
289 2281 358 2341 dier
374 2292 535 2359 tamquam
559 2294 662 2339 annot
684 2276 895 2339 numerabant
912 2278 1072 2363 Aegyptii.
1123 2279 1186 2341 Sed
1210 2276 1258 2343 cf..

209 2401 290 2466 quae
317 2382 357 2442 tle
383 2399 497 2442 eorum
531 2380 625 2441 annia
651 2377 864 2440 disseruerunt
890 2380 1039 2442 Perizon.
1066 2383 1101 2440 in
1129 2381 1250 2463 origin.

123 2468 126 2475 ¹
207 2489 348 2567 Aegypt.
371 2501 438 2561 cap.
458 2497 491 2542 α.
527 2479 679 2563 vignolee
701 2480 736 2543 in
763 2480 877 2544 chron.
903 2481 943 2544 de
967 2479 1124 2544 l'hilloire
1153 2480 1253 2545 sainte

208 2587 251 2648 T.
270 2600 301 2646 o.
325 2603 357 2664 p.
373 2583 458 2658 651.
482 2579 599 2659 aliique
627 2579 826 2666 chronologi.
880 2583 999 2666 Quales
1028 2583 1082 2644 hic
1107 2583 1254 2668 intelligi

208 2684 348 2748 debeant
369 2695 493 2765 praeter
516 2699 569 2750 ea,
602 2682 741 2762 quaeda
762 2683 896 2772 siderum
915 2681 1006 2746 cursu
1025 2682 1252 2757 subiiciuntun

210 2787 348 2849 declarat
380 2784 479 2844 etiam
506 2780 612 2842 addita
639 2802 704 2844 vox
730 2796 853 2846 aetates
873 2797 908 2846 et
937 2784 1113 2856 Herodoti,
1153 2806 1253 2866 quem

210 2885 327 2950 Noster
348 2883 507 2954 reddidit,
540 2884 632 2944 ratio.
686 2883 748 2945 Hic
774 2886 863 2946 enim
888 2898 1004 2951 aetatee
1031 2889 1044 2962 (
1052 2882 1185 2968 γενεαῖς)
1213 2890 1254 2949 arl

212 2984 381 3051 consuetos
396 2984 589 3046 Graecorum
606 3003 707 3048 annoe
727 2986 827 3069 exigit
845 2988 898 3058 ita,
922 3000 961 3048 ut
982 3001 1003 3065 3
1021 3001 1147 3060 aetates,
1179 3009 1251 3053 too

210 3108 313 3153 artnoa
328 3086 511 3169 complexae
527 3083 664 3159 luerint;
689 3079 753 3169 (ol.
771 3103 805 3158 o,
824 3084 931 3171 142.)
958 3108 1029 3151 cum
1044 3090 1096 3149 alii
1115 3104 1256 3154 aetatem

213 3205 261 3272 30
279 3208 438 3250 annorum
456 3184 553 3268 spatio
569 3189 753 3259 metiantur,
775 3187 900 3270 dequo
917 3189 1072 3252 Graevius
1088 3191 1126 3251 ad
1142 3193 1264 3265 lustin.

215 3307 248 3372 3,
269 3304 301 3368 5.
332 3281 726 3372 Welleling.adllerodot.
743 3309 770 3350 c.
788 3290 809 3351 l.
833 3304 866 3350 et
878 3292 916 3352 ad
928 3292 1135 3353 Diodor.Sic.
1151 3305 1252 3377 t‚24.

213 3393 375 3455 Maziriac.
391 3392 429 3451 ad
447 3389 546 3453 Ovid.
562 3388 649 3472 epil'l.
665 3391 706 3453 T.
724 3410 754 3454 t.
769 3409 800 3472 p.
816 3406 875 3465 77.
902 3403 935 3452 et
953 3410 1033 3474 quae
1055 3396 1192 3457 omnino
1210 3396 1252 3459 de

211 3496 246 3555 vi
268 3493 358 3556 vocie
373 3492 509 3554 contulit
525 3491 639 3553 Gibert
655 3491 689 3551 in
708 3490 883 3554 lllemoires
897 3527 947 3543 -
968 3495 1009 3555 de
1025 3492 1112 3556 Paria
1128 3495 1170 3557 T.
1194 3515 1251 3577 19.

211 3615 246 3679 p.
265 3607 299 3676 4.
333 3605 366 3655 et
391 3594 595 3674 disputentur
617 3593 701 3675 apud
726 3594 931 3655 Plutarchum
954 3595 994 3657 de
1019 3598 1173 3660 oraculor.
1199 3600 1253 3662 de·

212 3694 301 3759 fectu
321 3715 353 3776 p.
369 3691 439 3773 635
458 3693 519 3775 sqq.
542 3694 593 3757 etl.
615 3692 727 3757 heisk.
768 3693 882 3776 Neque
899 3709 1005 3758 tamen
1023 3695 1088 3778 ipse
1103 3699 1161 3759 fibi
1176 3719 1253 3763 cott-

212 3797 270 3862 liat
296 3795 496 3867 Herodotum,
530 3797 647 3876 quippe
667 3795 724 3875 qni
745 3814 775 3864 1.
803 3811 835 3874 7.
863 3817 964 3859 annos
992 3810 1063 3876 505
1091 3803 1264 3864 contineri·

216 3916 262 3963 αα
286 3896 456 3966 aetatibus.
495 3898 582 3958 unde
606 3895 644 3956 ad
672 3896 806 3980 singulae
835 3913 1026 3961 revocantur
1048 3915 1097 3980 25
1125 3917 1254 3965 tantum

213 4001 301 4064 enni.
350 3998 429 4069 Alii,
461 4000 515 4080 qui
536 3992 714 4081 longiffirne
736 4003 931 4083 extendunt,
960 4000 1081 4064 saeculo
1102 4021 1253 4085 aequent,

214 4119 252 4166 ut
269 4099 408 4167 ovidiu-
425 4099 642 4188 Metemorph.
664 4115 719 4174 ια.
741 4112 821 4182 188.
841 4103 881 4193 de
898 4100 1040 4187 Nestore,
1062 4106 1155 4197 opine
1171 4123 1252 4173 aete-
