2634 4716
131 468 136 477 Ι
232 378 588 441 turoneum.
628 328 884 442 ciem.
1018 390 1081 462 435

37 544 220 647 Sordeffum
237 553 302 617 huc
316 538 512 625 retulerunt.
538 554 579 618 ‹le
596 573 637 618 eo
655 556 778 619 dictum
797 554 840 620 est
858 558 893 620 in
913 558 1000 621 notia
1021 560 1079 621 cri·

38 660 111 721 ticia
134 678 166 740 p.
182 658 255 737 462
274 654 316 738 lq.
350 657 399 717 Ex
415 657 545 719 Vadiani
561 658 599 718 ad
619 657 650 721 h.
666 657 687 722 l.
713 655 865 723 sententia
879 662 940 722 hoc
956 682 1078 724 nomen

36 760 72 822 irl
93 760 192 822 Tauri
215 761 330 843 iugum
352 757 482 830 habuit,
513 759 599 841 quod
619 759 701 822 intra
719 761 849 840 Lyciam
870 779 902 825 et
923 764 1079 846 Pamphy·

36 860 115 923 llam
131 864 258 923 interno
275 863 355 921 rriari
371 860 531 923 imminet.
575 860 628 923 Sic
643 860 847 925 Burmannna
863 866 1079 937 adnotaverat.

36 979 162 1047 partem
176 962 274 1024 Tauri
289 960 350 1023 elle
364 974 397 1023 et
410 963 680 1044 promontorium.
706 962 854 1049 Mannert
870 987 901 1048 p.
918 976 998 1047 ¹49·
1013 987 1040 1030 c.
1056 968 1079 1033 l.

37 1063 192 1149 intelligit
205 1066 245 1126 de
261 1063 412 1143 Solymla.
432 1077 554 1132 moute.
577 1064 660 1147 apud
671 1065 861 1130 Strabonem
879 1077 934 1146 ¹4·
949 1088 981 1149 p.
991 1080 1077 1147 453.
1157 1082 1160 1091 ·

38 1164 165 1231 6666.
187 1184 287 1249 prope
309 1164 458 1227 Pisidiam
477 1177 509 1226 et
533 1164 719 1245 Milyadem.
772 1166 855 1231 Cum
877 1181 968 1230 tram
988 1170 1082 1232 simul

39 1268 271 1351 complectatur
285 1263 493 1333 Phaselidem.
514 1269 606 1329 cuim
613 1266 699 1329 litua
714 1266 777 1330 luit
793 1273 827 1331 in
841 1271 943 1341 litore,
964 1291 1023 1334 nec
1041 1273 1080 1333 ab

39 1388 83 1435 eo
103 1365 296 1433 Sardemiloe
322 1370 450 1453 longina
477 1372 638 1431 removeri
660 1368 776 1451 potest.
808 1392 868 1434 nec
889 1386 997 1433 tamen
1020 1372 1081 1436 elle

40 1472 140 1535 Tauri
154 1490 223 1554 para
238 1470 290 1531 vel
305 1471 565 1553 promontorium
582 1469 701 1540 haberi.
720 1492 796 1535 eum
812 1476 852 1535 ‹le
868 1473 918 1535 hia
934 1474 1082 1557 proximo

41 1574 144 1655 capite
160 1570 308 1654 eirponau
332 1572 388 1632 ubi
403 1572 510 1655 potius
527 1591 585 1654 pro
600 1574 697 1634 Tauri
716 1577 952 1661 promontorio,
978 1578 1027 1637 uti
1047 1576 1085 1640 in

41 1673 95 1741 lria
110 1689 196 1738 recte
212 1670 302 1746 lacit.
327 1672 542 1741 Sarderuil'um
557 1673 740 1757 repetiillet.

31 1912 35 1923 ·
118 1866 345 1968 Phaselis)
386 1875 442 1940 Gr.
461 1870 626 1959 Φασηλίς,
650 1879 704 1940 vel
720 1871 880 1963 Φάσηλις,
904 1874 1082 1964 (Herodot.

44 1996 81 2054 n,
111 1978 213 2058 178.)
253 1979 305 2039 vel
331 1979 428 2039 etiarn
455 1976 610 2057 Φασῆλις.
651 1979 789 2063 (Cteliae
812 1982 896 2062 apud
928 1982 1086 2044 Photium

42 2102 78 2169 p.
94 2080 195 2162 145.)
230 2080 267 2139 ln
278 2078 396 2140 casibua
412 2071 708 2168 obliqulaPhoseliu
724 2083 805 2140 dixit
823 2081 934 2143 Plorat
951 2097 983 2160 3.
1002 2082 1034 2153 6,
1051 2094 1087 2162 4.

45 2176 248 2276 Phaselidem
269 2182 446 2262 Eutropius
461 2182 494 2252 6,
519 2194 551 2258 3.
604 2176 673 2261 lpse
697 2182 795 2242 etiam
822 2202 895 2265 ager
919 2180 971 2245 leu
995 2187 1086 2267 regio

44 2288 134 2351 urbia
149 2273 299 2374 Phaselis
320 2295 453 2344 vocatur
473 2302 489 2342 a
505 2282 612 2343 Plinio
630 2296 663 2351 Β,
683 2301 764 2344 rto.
782 2280 803 2343 l.
826 2284 905 2346 106.
960 2285 1086 2348 lncolae

45 2402 203 2453 vocantur
225 2379 421 2472 Φασηλῖται,
443 2384 622 2461 (Plutarch.
644 2384 678 2443 in
694 2384 833 2445 Cimone
847 2403 873 2445 c.
890 2398 943 2445 ια.
970 2384 1085 2449 Cicero

46 2490 84 2553 in
98 2489 221 2574 Agraria
240 2501 273 2555 α,
297 2487 374 2565 13.)
399 2484 485 2545 uude
501 2479 695 2569 Φασηλιτῶν
715 2477 814 2570 χώρα
837 2486 954 2547 dicitur
968 2486 1007 2547 ab
1026 2490 1088 2549 hn-

47 2594 163 2679 tigouo
179 2590 212 2648 in
229 2584 296 2648 hill.
315 2585 425 2648 mirab.
445 2604 471 2647 c.
495 2599 573 2663 132.
623 2587 660 2646 lu
678 2587 784 2647 numia
797 2601 830 2646 et
844 2582 1036 2672 oaoylnnv
1055 2601 1089 2651 et

48 2690 279 2778 Φασηλειτων,
305 2704 341 2747 ut
363 2689 396 2747 in
414 2687 566 2751 similibus
581 2689 678 2749 etiam
695 2684 788 2755 l'olet.
815 2690 962 2752 occurrit.
1001 2692 1087 2751 Plio·

42 2786 178 2890 filinam
196 2791 290 2851 habet
306 2789 431 2851 Pliniua
449 2803 506 2867 25,
525 2786 660 2869 49.l.4.
679 2790 720 2850 de
734 2790 806 2850 oleo
822 2789 926 2852 lirino.
955 2789 1086 2855 Nomen

49 2897 155 2982 priua,
182 2892 257 2955 telle
274 2892 451 2973 Stephano.
479 2887 539 2954 iuit
556 2888 708 2971 Pityrrll'a,
734 2891 787 2951 cui
803 2886 943 2950 lucceffit
960 2884 1089 2979 Φᾶρσα·

49 2996 126 3069 λος.
160 2993 231 3067 len,
265 3008 301 3054 ut
325 2994 476 3054 emendat
510 2992 694 3059 Salmalma.
727 2984 882 3062 Φᾶσαλος
903 2989 924 3051 f.
952 2998 1089 3058 omnino

50 3092 208 3184 Φάσηλις.
261 3098 299 3157 lu
330 3096 387 3155 hac
424 3094 503 3155 urbe
534 3096 727 3155 fluctuantur
760 3094 889 3154 termini
918 3093 1030 3170 Lyciae
1056 3112 1091 3158 et

49 3198 273 3285 Pamphyliae.
326 3196 437 3274 Lyciae
458 3195 546 3255 enirn
568 3196 713 3255 tribuunt
732 3195 843 3274 Scylax
866 3215 896 3274 p.
913 3208 970 3273 39.
990 3194 1090 3261 [trior.

50 3307 109 3389 qui
135 3300 272 3364 omniuo
304 3298 396 3361 latina
425 3294 545 3379 profert
581 3298 708 3374 Lyciam
742 3298 779 3357 ad
816 3296 946 3378 Pergam
980 3316 1089 3378 neque,

51 3404 167 3471 Strabo
188 3415 243 3480 14.
267 3422 298 3482 p.
322 3410 407 3483 458.
434 3397 453 3459 l.
479 3400 563 3462 666.
594 3412 625 3460 et
653 3397 740 3478 sequ.
770 3397 971 3458 Ptolemaeus
998 3410 1028 3473 5,
1056 3412 1090 3479 3.

52 3508 192 3587 Eutrop.
209 3504 242 3572 6.
261 3514 294 3581 3.
335 3500 526 3565 Ciceronem
552 3502 649 3560 ctiam
675 3499 770 3578 aliqui
796 3501 934 3566 nrltlunt,
965 3502 1050 3581 quod
1073 3522 1092 3567 a

53 3608 165 3690 Lyciis
181 3606 265 3666 illam
282 3603 380 3663 incoli
395 3604 472 3663 elicit
489 3603 522 3661 in
539 3602 660 3662 Verrio.
677 3612 713 3679 4.
737 3621 791 3663 ro.
830 3602 871 3661 rlt
888 3600 1093 3682 Pamphyliae

55 3728 133 3775 cum
159 3706 276 3769 Nolito
310 3701 490 3765 adscribunt
521 3704 644 3765 Plinius
663 3715 694 3779 5.
719 3704 776 3763 26.
801 3699 821 3764 l'.
846 3717 901 3771 27.
927 3704 1092 3777 (ultimum

18 3886 23 3895 ι
54 3813 123 3875 eius
137 3830 211 3871 orae
224 3806 321 3884 dicit)
357 3802 486 3884 Dionys.
505 3825 537 3866 v.
555 3816 640 3882 855.
668 3803 813 3866 lilartian.
833 3805 962 3885 (lapella
983 3805 1038 3865 lib.
1058 3804 1093 3869 6.

55 3932 91 3999 p.
110 3926 195 3975 coo.
227 3910 408 3990 Stephanue
430 3907 462 3968 lr.
486 3927 519 3969 v.
571 3907 673 3969 Caute
694 3907 806 3967 Livius
830 3918 887 3984 57.
909 3919 967 3983 25.
990 3906 1035 3968 in.
1061 3908 1097 3967 lu

58 4014 201 4081 confinio
224 4010 340 4090 Lyciae
360 4022 394 4070 et
412 4006 619 4089 Pamphyliae
640 4009 750 4090 ponit.
780 4010 866 4068 unde
885 4006 974 4067 limnl
996 4008 1096 4068 ambi·

59 4134 143 4207 guo·
158 4110 263 4175 -luill'e
296 4111 460 4192 utriunque
495 4111 652 4175 termino·
691 4110 905 4174 confirmatur.
958 4108 1098 4173 Cilicum

111 4232 207 4308 l’mrp.
225 4228 318 4288 Mela·
337 4229 453 4303 linget.
470 4226 510 4284 l.
527 4227 549 4283 1.
782 4212 841 4273 ΕΟ
