2634 4716
233 373 278 443 43
389 398 405 433 ,-
505 364 669 423 norun
709 358 1011 423 uxuouurctu

235 553 274 603 ut
290 530 425 623 explicat
437 539 565 609 51111111.
594 534 771 627 ἂμφίγειος
789 531 963 619 θάλασσα,
992 536 1055 607 ves,
1080 539 1279 606 111Ε11111111.

236 644 276 715 od
300 640 432 721 Dionys.
457 661 596 721 v.14o.
622 634 721 727 πόρος
742 636 852 715 στενός
880 636 1079 727 ἑκατέρωθεν
1105 642 1167 724 γῆς
1188 664 1280 727 μεσο-

189 760 196 777 ’
236 738 456 829 λιιΒούμενος.
494 744 581 806 Hinc
598 744 625 806 1.
643 743 828 805 Gronovius
849 754 972 811 monet,
998 744 1133 803 maloin
1153 744 1279 829 Lexic'u

149 886 158 909 t
235 843 359 930 (olim)
375 842 488 937 finum
511 847 608 907 maris
626 845 659 905 in
682 841 850 936 augustius
871 845 1012 904 coartati
1032 846 1170 934 exponi..
1203 866 1280 909 cum

235 947 273 1009 fit
299 943 467 1033 transitus,
498 966 595 1029 aquo
608 942 719 1037 sutum
742 944 854 1007 diserte
874 945 1042 1030 distinguit
1058 944 1171 1009 lustin.
1190 957 1226 1026 4,
1248 970 1278 1010 1.

235 1063 318 1111 extr.
359 1050 411 1113 Sic
435 1048 544 1111 Schol.
568 1049 733 1130 Apollonii
753 1047 791 1108 ed
813 1069 841 1118 1.
859 1058 945 1126 958.
976 1041 995 1132 sy
1017 1036 1055 1123 ἐξ
1077 1042 1279 1135 ἀμφοτέρων

233 1148 303 1213 τῶν
333 1148 445 1237 μερῶν,
469 1150 530 1234 γῆν
559 1144 688 1233 ἔχουσα
717 1143 811 1237 στενὴ
844 1144 1017 1213 θάλασσα.
1068 1146 1169 1212 Plura
1193 1150 1278 1211 dabit

233 1250 375 1317 Fischer.
390 1272 418 1315 c.
433 1252 463 1317 1.,
477 1272 549 1337 pag.
562 1261 611 1332 42
630 1249 674 1333 sq.

315 1438 404 1500 asia
429 1436 558 1520 aliis)
603 1438 760 1523 ,Quorum
782 1435 919 1519 plurima
938 1438 1132 1537 nominatim
1152 1440 1278 1525 collegit

235 1539 473 1622 isseAmpeliue
493 1560 521 1604 c.
538 1555 572 1616 7.
605 1560 630 1605 1.
654 1558 851 1603 ououovrve
872 1540 949 1603 MS.
1001 1537 1052 1604 cf.
1075 1543 1175 1605 etiarn
1197 1541 1279 1605 Mela

243 1664 273 1712 1,
293 1656 326 1718 3.
360 1642 444 1707 l’lin.
462 1656 497 1721 3,
520 1640 614 1706 rus.
633 1654 668 1722 5.
700 1640 802 1706 Sosin.
821 1660 848 1704 c.
867 1639 961 1707 out
982 1657 1040 1720 13.
1072 1644 1277 1731 Agathemer.

238 1740 279 1815 ej
302 1756 358 1825 ²4·

243 1916 246 1921 '
311 1904 641 2005 Hellespontus)
690 1909 854 1985 (311111,
877 1930 963 1988 1,·7.
1006 1914 1058 1978 De
1083 1912 1280 1996 Propontide

239 2014 278 2076 ed
301 2037 330 2086 1,
358 2034 412 2095 19,
441 2033 475 2079 o.
498 2017 565 2078 ,De
585 2015 624 2079 iio
646 2016 763 2079 eodem
781 2015 883 2079 modo
901 2016 988 2080 Mela
1007 2039 1037 2090 1,
1064 2028 1119 2097 18.
1142 2030 1225 2081 extr.
1250 2028 1280 2079 et

243 2138 273 2188 1,
291 2120 358 2197 19,
385 2136 417 2179 2.

314 2287 484 2369 expond
490 2288 504 2349 i
509 2300 525 2349 t
531 2286 552 2371 )
599 2289 724 2372 Repete
743 2308 783 2351 ex
799 2288 1060 2370 praecedentibus
1074 2289 1178 2352 hicet
1196 2290 1282 2351 dein·

239 2410 313 2472 cept
328 2381 387 2480 [η
423 2389 479 2453 etsi
503 2388 592 2472 saepe
615 2392 753 2452 omniuo
774 2392 879 2452 activo
897 2393 1063 2474 reciproco
1085 2386 1280 2473 vespassrvo

129 2556 134 2563 ,
237 2488 328 2553 sensu
347 2493 428 2573 poni
450 2507 568 2554 notum
590 2490 649 2563 ess,
680 2506 720 2551 ut
742 2513 872 2561 ntoucre.
898 2507 1029 2562 mutare,
1056 2489 1191 2560 vibrare.
1219 2514 1280 2554 ver·

238 2604 313 2663 tere,
339 2596 506 2662 remittere,
522 2582 625 2680 ferre,
642 2590 749 2682 finire,
774 2593 930 2664 volutare,
956 2595 1066 2654 lavare
1088 2608 1121 2655 et
1145 2596 1282 2676 plurimu

238 2693 310 2775 alia.
361 2693 446 2753 Loca
468 2692 591 2753 dabunt
610 2693 769 2756 Aesontius
784 2696 822 2754 ad
840 2697 950 2758 Vesses.
972 2719 1000 2765 r,
1019 2707 1052 2773 8.
1070 2694 1092 2757 s.
1119 2696 1232 2760 Barth.
1247 2695 1288 2757 od'

241 2794 345 2855 Gratii
363 2794 523 2877 Cyneget.
539 2815 572 2856 v.
590 2812 625 2873 9.
658 2794 835 2857 Burmann.
851 2798 890 2856 ad
909 2819 941 2858 v.
965 2807 1044 2877 143.
1079 2796 1232 2861 Heinsruo
1247 2797 1282 2859 us

241 2894 344 2957 ovid.
368 2894 483 2957 Fastor.
507 2918 537 2965 1,
559 2906 639 2973 141.
671 2896 846 2959 Berneccer
862 2900 899 2958 ad
917 2899 1026 2962 lustin.
1045 2901 1102 2975 36,
1120 2917 1153 2970 c,
1174 2911 1233 2979 15.
1252 2915 1282 2962 et

242 2997 284 3059 de
302 2997 422 3059 Graeco
447 2995 504 3058 usu
522 2996 616 3059 simili
636 2996 798 3078 Verheyk.
818 2999 856 3059 ad
873 3001 1028 3063 Antonin.
1049 3002 1157 3064 Liber.
1178 3022 1209 3067 c.
1226 3004 1280 3078 37.

240 3113 274 3161 et
298 3099 331 3157 in
351 3100 463 3180 primic
486 3099 668 3162 vechneruo
683 3102 719 3161 iu
733 3102 936 3166 Helleuoiex.
959 3102 1015 3166 lib.
1038 3125 1067 3166 1.
1086 3102 1124 3166 Ρ.
1145 3126 1178 3165 1.
1204 3103 1281 3168 us·

241 3219 316 3262 cum
336 3215 414 3264 nota
434 3202 636 3287 Heufingeri.

318 3380 546 3479 effundit)
596 3390 638 3451 At
658 3410 698 3451 ex
718 3390 827 3451 Ponto
845 3409 923 3470 aqua
945 3392 1103 3452 continuo
1119 3389 1215 3455 cursu
1228 3392 1283 3456 esc·

242 3490 346 3562 bitur,
379 3508 411 3554 et
432 3490 500 3572 post
519 3512 576 3573 per
596 3489 715 3553 fretum
742 3493 936 3552 Gaditanum
960 3494 994 3552 in
1018 3492 1185 3554 Oceanum
1211 3495 1283 3557 exit.

242 3592 295 3657 cf.
313 3595 440 3657 Plinius
461 3604 514 3673 14,
537 3609 591 3669 15.
645 3594 708 3656 Cui
732 3592 907 3655 adsentitur
925 3594 1027 3656 Belon
1051 3597 1084 3654 in
1108 3593 1238 3662 observ.
1257 3617 1283 3662 1.

248 3707 306 3775 24.
326 3717 358 3779 p.
380 3708 427 3775 24
441 3694 483 3777 sq.
516 3710 548 3758 et
572 3696 698 3776 Gylliur
719 3698 759 3756 de
781 3694 925 3778 Bosporo
953 3718 982 3767 1,
1005 3707 1040 3774 4.
1063 3719 1097 3778 p.
1120 3708 1181 3776 59.
1236 3699 1284 3759 De
1308 3728 1311 3743 =

243 3800 382 3860 Thracio
399 3797 544 3880 Bosporo
560 3812 592 3858 et
612 3819 690 3881 quae
713 3797 781 3878 pois
800 3813 1103 3868 commemorantur,
1128 3798 1194 3862 suio
1209 3800 1285 3862 socio

244 3900 378 3963 dicetur.
412 3901 474 3961 Pro
489 3898 629 3988 rffuudit
654 3900 739 3981 supra
759 3899 928 3973 expandit.
982 3902 1029 3959 lta
1047 3920 1123 3961 vero
1140 3902 1206 3963 hoc
1220 3920 1286 3965 ver·

245 4000 322 4061 bum
345 4003 458 4072 Latini,
483 4018 519 4063 ut
541 4005 650 4064 Graeci
675 3995 859 4084 κεχύσθαι,
884 4001 1037 4061 atshibent
1057 4002 1098 4063 de
1119 4004 1238 4089 ampli·
1257 4016 1288 4067 et

245 4101 393 4186 spatiosis.
434 4107 506 4173 vic.
521 4106 703 4174 Ruhnken.
718 4108 758 4168 ad
777 4105 886 4169 Vellei.
910 4122 942 4176 ε,
963 4115 1024 4186 43,
1048 4125 1078 4169 1.
