2634 4716
207 330 284 455 Ι448
492 370 652 434 NOTAE
691 373 998 434 execution

222 547 386 636 agnoviiie
423 549 555 611 videtur
584 549 682 612 etiam
714 548 913 621 Euilathias,
949 551 1022 633 quia
1055 549 1093 612 ιιι]
1128 549 1269 632 Βίοιιγί.

223 674 257 717 ιι.
276 665 360 733 988.
387 650 486 713 flectit
500 653 534 712 in
550 647 695 732 Νιφάτα
711 664 745 713 et
761 647 933 733 Νιφᾶταν.
970 653 1066 716 Mone
1081 651 1144 714 fuit
1159 655 1271 715 Arme

222 757 295 818 niae
326 752 459 833 (Strabo
482 773 535 816 ιι.
563 774 598 836 p.
614 756 698 832 364.
720 750 743 816 l.
759 767 844 834 529.
875 755 1055 836 Stephanus
1079 756 1112 818 lt.
1133 775 1169 818 v.
1192 749 1271 839 alii)

223 875 389 920 connexus
410 874 483 916 cum
508 854 607 916 Matio
628 869 662 918 et
683 855 795 941 Zagrio
817 857 907 917 etad
932 856 1118 936 Gordyaeos
1140 870 1270 919 monte·

223 957 418 1023 referendus.
449 956 580 1035 (Strabo
601 977 657 1022 ιι.
674 977 706 1039 p.
727 954 847 1037 559.’[.
864 960 971 1036 522.)
1006 961 1043 1020 ln
1060 959 1182 1025 australi
1199 961 1272 1022 eiua

223 1076 314 1144 parte
329 1058 433 1121 fontes
449 1055 522 1118 lunt
535 1060 690 1143 Tigridis,
711 1058 844 1138 (Strabo
859 1080 886 1124 c.
902 1061 945 1136 l.)
970 1082 1048 1142 quae
1064 1077 1171 1122 tamen
1188 1061 1271 1124 uiua

224 1172 375 1225 removet
398 1158 611 1224 Ptolemaeue.
664 1161 876 1245 Quaerendae
899 1165 1035 1225 omnino
1063 1163 1106 1225 eil
1131 1164 1167 1224 in
1194 1181 1270 1225 eon·

224 1264 304 1328 finio
326 1261 492 1324 Armeniae
515 1275 549 1323 et
572 1259 830 1344 Mesopotamiae.
884 1264 907 1324 A
931 1266 1011 1326 voce
1029 1250 1147 1328 Graeca
1170 1259 1273 1345 νιφᾶς

225 1383 348 1427 nomen
364 1376 474 1424 nactus
492 1361 552 1426 elie
573 1363 717 1433 videtur,
744 1364 831 1446 quod
849 1377 882 1426 et
902 1366 1045 1427 indicant
1062 1379 1197 1449 poetae,
1222 1368 1272 1431 uu

110 1507 118 1526 .
226 1467 380 1529 Horatius
398 1480 430 1524 2.
448 1465 501 1525 orl.
521 1483 555 1546 9,
575 1481 636 1528 uo.
666 1465 723 1526 ubi
742 1465 877 1547 rigidum
897 1482 1008 1537 vocat,
1033 1469 1089 1529 etii
1108 1471 1150 1529 de
1165 1469 1269 1533 ilario

225 1568 272 1631 ibi
288 1567 417 1648 quidam
433 1566 741 1650 interpretantur.‚tn
756 1567 874 1649 quibua
890 1564 1168 1641 Miticheriichiue,
1190 1573 1273 1634 reni·

224 1683 317 1732 tento
343 1679 453 1729 tamen
482 1687 550 1729 non
576 1682 697 1731 temere
722 1670 802 1730 iani.
854 1670 975 1732 Eadem
1004 1673 1044 1734 de.
1070 1670 1158 1734 cauia
1185 1676 1269 1756 apud

227 1770 361 1850 Scythae
378 1766 555 1831 Caucasum
567 1783 717 1831 vocatum
734 1768 794 1831 eiie
811 1763 1006 1862 Croucasum
1022 1774 1043 1836 i.
1061 1793 1088 1834 e.
1105 1776 1185 1835 nive
1202 1796 1269 1837 can·

225 1871 352 1940 (lidum,
370 1870 465 1941 tradit
477 1871 601 1933 Plinius
615 1869 647 1941 6,
671 1868 762 1952 ¹9·ss
784 1884 839 1947 ¹7·
871 1871 1021 1934 Fluvium
1039 1877 1267 1959 cognominem

226 1987 350 2037 norunt
386 1969 443 2035 ioli
475 1972 663 2056 posteriores
692 1987 824 2057 poetae,
868 1987 904 2034 ut
927 1975 983 2037 Sil.
1009 1977 1077 2037 itai.
1092 1991 1161 2056 ⁴13,
1184 1981 1266 2057 765.

227 2074 346 2137 Lucan.
365 2087 397 2154 3,
417 2086 501 2152 245.
535 2075 695 2136 iuvenalia
711 2073 743 2143 6.
757 2086 844 2154 4⁰9·
867 2075 924 2135 ubi
939 2075 1117 2139 Martialem
1139 2095 1193 2149 aa,
1211 2095 1266 2145 or.

227 2177 352 2242 addidit
367 2178 519 2258 liupetti,
543 2178 576 2239 in
593 2195 658 2256 quo
675 2190 782 2237 tamen
798 2178 830 2236 id
846 2195 913 2237 non
930 2179 1052 2240 inveni.
1092 2181 1174 2242 inde
1192 2198 1265 2244 vero

225 2277 297 2363 post
319 2291 351 2342 et
371 2294 519 2340 montem
542 2292 576 2340 et
598 2276 737 2338 fluvium
763 2276 936 2359 Niphatem
959 2281 1178 2360 produxerunt
1202 2286 1266 2347 set·

227 2382 301 2445 viua
315 2381 354 2442 ad
368 2381 479 2464 virgil.
498 2377 617 2464 Georg.
629 2390 661 2458 3,
679 2392 738 2459 50.
756 2392 790 2442 et
805 2379 920 2474 vitius!
930 2380 1024 2463 sequ.
1039 2403 1061 2466 p
1087 2374 1143 2462 ¹5·
1159 2399 1193 2447 et
1209 2400 1264 2466 3¹·

301 2580 517 2648 Armeniae
540 2577 684 2664 pylce)
733 2580 829 2674 Unde
849 2600 1032 2667 cognomen
1050 2585 1195 2656 tulerint,
1219 2589 1266 2650 ad·

133 2750 136 2763 ¹
226 2700 327 2773 peret,
352 2703 420 2746 non
435 2684 525 2754 item,
550 2681 606 2742 ubi
630 2684 738 2763 quaeri
754 2684 901 2754 debeant,
927 2685 1057 2749 conilat.
1108 2688 1267 2754 Vedianut

228 2788 415 2856 arbitratur,
443 2784 499 2844 ubi
523 2785 556 2846 in
578 2782 758 2846 Moiclricoe
775 2801 919 2855 montee,
944 2805 1024 2867 quae
1038 2802 1070 2848 et
1088 2788 1149 2870 ipia
1172 2793 1270 2856 Tauri

91 2892 94 2905 .
173 2890 176 2895 ·
228 2891 304 2974 pugn
328 2886 415 2956 punt,
446 2886 573 2948 Taurus
601 2886 744 2948 inclinat.
809 2885 959 2959 Necett,
991 2889 1077 2971 quod
1101 2906 1269 2978 repugnet,

228 2994 302 3076 quia
320 2990 403 3050 Mela
418 2988 457 3048 ad
476 2985 642 3050 excurium
657 2987 757 3048 Tauri
772 3000 804 3049 et
820 2986 916 3049 tinem
932 2992 1145 3076 progreditur.
1189 2996 1271 3058 Sunt

229 3109 339 3156 autem
363 3105 447 3151 trane
471 3089 666 3171 Euphratem
695 3109 794 3171 prope
817 3092 1002 3153 Armeniam
1024 3096 1204 3168 minorem,
1237 3111 1271 3160 et

231 3212 307 3258 cunt
323 3193 362 3254 iio
378 3189 485 3252 verine
499 3188 757 3272 septemtrionem
773 3190 919 3254 cohaeret
936 3188 1127 3268 Antitaurus,
1155 3214 1192 3258 ut
1204 3201 1274 3282 qui·

230 3295 307 3358 dem
336 3310 450 3355 eorum
477 3293 571 3353 litum
599 3291 740 3374 delignat
762 3291 875 3354 Strabo
903 3314 958 3357 ιι.
981 3317 1012 3378 p.
1037 3309 1122 3377 359.
1140 3295 1161 3362 i.
1183 3314 1269 3379 521.

171 3382 176 3391 Χ
230 3398 319 3460 Hinc
338 3413 415 3456 vero
434 3395 517 3455 male
536 3407 570 3456 et
590 3393 716 3455 turbato
733 3394 845 3455 ordine
861 3393 990 3458 Solinus
1008 3415 1074 3480 cap.
1093 3411 1154 3477 4¹·
1171 3399 1193 3463 i.
1210 3415 1268 3482 33.

230 3497 339 3560 icribit
359 3482 398 3556 ab
419 3496 496 3557 Eoie
520 3493 668 3557 litoribus
689 3493 883 3578 progreilua:
919 3494 984 3558 Ubi
1002 3491 1136 3592 dediscit
1158 3504 1271 3567 hiulcis

232 3599 333 3681 iugis,
350 3589 446 3688 fucit
462 3609 594 3677 portos,
618 3578 752 3678 quarum
768 3589 982 3689 primuesunt
997 3604 1174 3674 Armeniae,
1200 3619 1269 3666 turra

234 3693 375 3794 Caspiae
397 3732 446 3747 -
480 3696 649 3780 Perpetem
664 3698 752 3759 enim
769 3699 895 3780 putavit
910 3698 1052 3763 Plinium
1070 3715 1103 3780 5,
1123 3721 1182 3769 2⁷.
1206 3726 1270 3770 oen

232 3814 305 3865 uun
326 3803 473 3863 ordinem
495 3815 619 3870 tenere,
651 3819 749 3880 quem
771 3800 906 3863 omnino
926 3816 1032 3883 portae
1052 3798 1192 3871 indicare
1215 3827 1270 3872 vo-

233 3903 340 3973 luiile,
370 3904 518 3985 repetitio
545 3904 684 3964 adiectae
710 3903 881 3985 particulae
906 3901 985 3965 aiiii
1011 3903 1128 3971 suadet.
1180 3910 1271 3974 unu

233 4007 330 4069 etiam
348 4006 531 4067 Harduinue
546 4006 583 4067 ad
601 4003 685 4066 Plio.
699 4023 726 4066 c.
744 4004 765 4067 i.
791 4005 845 4085 qui
862 4006 988 4068 eaedem
1007 4005 1068 4068 eiie
1082 4021 1174 4090 putat
1190 4011 1271 4074 Cau·

235 4108 325 4172 utto
350 4107 520 4193 adpetunt
543 4126 561 4171 a
583 4105 692 4172 Plinio
710 4108 745 4181 6,
771 4102 873 4172 ami.
896 4123 954 4174 tt·
1005 4108 1055 4179 tu
1085 4111 1115 4176 i.
1145 4113 1270 4180 Grono-
