2634 4716
203 408 269 475 aa·
476 372 640 459 noran
679 344 991 457 axeoarreae
1072 415 1078 428 ·

207 572 424 665 notaremur.
451 572 652 657 Hellesponti
666 571 791 645 urbem,
807 584 845 634 ut
860 572 984 655 priorea
996 569 1180 639 ameriam,
1194 567 1269 631 dicit
1312 564 1314 617 ἵ

211 678 415 763 Stephanum
454 676 574 756 Mysiae
603 677 724 737 minori
750 676 803 736 dat
836 675 979 738 Ptolem.
997 684 1034 751 5,
1059 688 1094 736 tt.
1119 673 1180 739 in..
1198 688 1267 734 coar

213 778 399 862 Lampsaco.
453 776 620 840 Fuiturba
641 778 892 852 maritimarum
915 787 1023 858 portu.
1051 773 1195 854 (Strabo
1216 784 1267 853 13.
1311 858 1314 903 Ι

213 903 246 966 p.
265 893 351 962 4⁰4·
370 879 389 942 s.
410 881 513 958 587.)
565 878 759 943 Conditotee
782 878 894 940 habuit
916 876 1077 947 Mirator,
1105 877 1165 938 vei
1181 874 1270 957 Cyri·

216 992 322 1053 tenna,
349 1001 504 1044 nomena
521 980 648 1066 Priapo.
675 998 773 1063 quem
793 993 826 1041 et
847 980 1030 1042 coluerunt.
1055 976 1270 1058 (Straboni.)
1308 910 1314 1031 i

216 1084 324 1167 Prope
344 1080 490 1144 (Iaraboo
506 1084 552 1142 ilii
569 1104 656 1145 nunc
671 1080 777 1145 sedem
797 1082 936 1166 adfigunt
952 1078 1123 1144 d‘Anviiie
1141 1100 1174 1163 p.
1191 1076 1270 1160 336.
1309 1034 1314 1175 ff

219 1205 247 1249 c.
262 1186 284 1249 l.
322 1186 475 1248 Ceterum
498 1185 615 1246 eodem
636 1184 753 1247 ordine
771 1184 865 1246 orbea
885 1202 953 1254 ear,
986 1181 1045 1242 etfi
1070 1183 1187 1244 rolina
1209 1176 1272 1243 feri·

18 1292 29 1337 ·'
158 1330 162 1347 .
216 1282 329 1368 'pturae
353 1288 459 1359 virito,
491 1285 656 1348 recensent
674 1274 739 1349 tab.
761 1285 947 1370 Peutinger.
973 1296 1007 1362 8.
1033 1284 1070 1347 F.
1101 1296 1138 1347 et
1157 1284 1270 1370 Geogr.

120 1440 123 1445 .
218 1376 367 1452 Ravenn.
384 1404 418 1460 o,
440 1401 494 1468 ¹8·
510 1404 544 1451 et
561 1401 594 1466 5,
614 1407 671 1470 ¹9·
696 1409 736 1453 ex
751 1386 867 1471 quibua
882 1400 959 1449 tuno
974 1383 1091 1449 stetiffe
1107 1385 1271 1450 videntur.

294 1594 455 1654 amoris
480 1589 749 1672 commercio)
799 1592 852 1654 stc
868 1588 1031 1675 eleganter
1053 1586 1213 1679 describit
1232 1586 1270 1659 id.

219 1692 305 1771 qood
324 1696 498 1772 Abydenus
521 1713 595 1775 prae
619 1696 727 1756 em'ore
747 1690 849 1755 fecitte
868 1692 1002 1763 dieitur,
1036 1706 1076 1753 ut
1093 1691 1269 1754 identidem

220 1796 428 1856 transnataret
450 1797 488 1858 ad
511 1795 625 1856 urbem
649 1796 771 1858 Sestum
795 1814 861 1856 non
886 1792 992 1864 aliter,
1020 1808 1124 1875 quaro
1150 1796 1266 1855 ridetur

219 1909 378 1957 mercator
411 1917 484 1958 eum
521 1897 681 1960 mercibus
714 1895 786 1961 [nie.
816 1930 867 1945 -·
925 1894 1018 1958 Hane
1044 1895 1266 1978 metaphoram

219 1994 368 2058 trarafert
386 2000 424 2059 ad
439 2017 594 2068 amorem,
620 1999 698 2061 ficut
720 1998 828 2061 lustin.
845 1991 902 2085 [9.
923 2017 953 2066 a.
972 1992 1028 2082 5.]
1054 1995 1180 2069 scribit,
1204 1997 1265 2058 Pto-

220 2090 346 2179 lippum
370 2114 557 2161 mutuatum
581 2100 669 2163 tuitio
691 2103 844 2183 pecuniae
867 2101 1107 2160 commercium
1134 2100 1177 2160 de
1199 2099 1264 2181 pin·

221 2199 295 2258 tica.
324 2219 346 2263 t.
365 2219 563 2265 ottonovtva
579 2202 655 2266 MS.
707 2205 754 2263 Ita
777 2218 854 2278 vero
871 2200 968 2260 etiam
984 2200 1061 2261 aliae
1082 2199 1265 2262 Suetonio

222 2298 326 2384 Gaiig.
349 2322 416 2384 cap.
435 2305 493 2383 56.
519 2302 737 2366 commercium
757 2302 884 2382 antiqui
890 2298 1026 2393 flttprr'r
1060 2301 1170 2364 Valer.
1190 2299 1264 2362 Mar.

223 2409 256 2478 8.
275 2419 307 2469 2.
325 2418 359 2466 α.
374 2402 538 2477 irbcduusr
558 2405 630 2467 Lir.
649 2415 682 2481 5,
703 2417 758 2480 15,
777 2414 810 2481 5.
829 2392 985 2493 sermonis
1002 2414 1035 2461 et
1048 2402 1181 2464 similia.
1210 2399 1266 2484 ipo

221 2502 351 2570 historia
366 2505 405 2566 de
423 2503 569 2566 Leandro
586 2521 618 2566 et
634 2506 722 2567 Hero
738 2507 772 2566 in
790 2504 910 2587 vulgus
926 2502 971 2566 est
992 2514 1090 2575 nota,
1125 2524 1224 2585 quaro
1242 2515 1269 2564 at

221 2607 377 2687 prolixior
401 2606 547 2666 tractavit
567 2606 602 2667 in
624 2608 762 2667 carmine
786 2604 907 2667 Graeco
931 2601 1102 2676 Musaeus,
1131 2605 1269 2669 Ovidiur

221 2704 257 2764 in
273 2704 359 2786 epist.
383 2717 438 2784 18.
455 2718 488 2768 et
508 2724 564 2787 ¹9·
590 2707 788 2791 elegantibus
804 2704 945 2767 verfibue
960 2704 1097 2769 brevior
1114 2707 1270 2790 deieripiit

222 2805 334 2889 virgil.
345 2806 462 2890 Georg.
476 2822 508 2886 3.
519 2818 590 2886 258
602 2806 663 2890 sqq.
696 2807 817 2870 toturn
830 2808 895 2867 huc
911 2808 1028 2869 iterum
1039 2806 1132 2870 Mela
1150 2825 1187 2881 Ω,
1199 2827 1232 2880 2,
1242 2823 1269 2884 7.

223 2903 327 2986 Ipsam
349 2927 428 2970 vero
448 2911 671 2980 narrationem,
700 2929 795 2990 quam
816 2909 913 2988 aliqui
935 2907 1132 2991 explodunt,
1168 2925 1270 2974 tuetur

223 3005 264 3069 de
280 3008 309 3068 la
325 3007 454 3081 Nauae,
480 3023 646 3093 poetarum
669 3011 800 3091 quidem
822 3010 1010 3069 auctoritate
1024 3026 1270 3095 numerumque

223 3109 301 3179 fine,
330 3112 364 3171 iu
384 3110 558 3176 Memoiree
578 3112 618 3174 de
637 3111 818 3174 l'academie
839 3109 896 3170 der
917 3107 1023 3172 insert.
1039 3109 1085 3174 T.
1105 3126 1142 3188 7.
1163 3134 1200 3198 p,
1219 3125 1270 3197 74.

209 3224 257 3273 at
280 3225 364 3295 24⁰·

302 3434 342 3478 re
343 3407 375 3505 s
373 3439 396 3496 p
404 3435 451 3508 on
453 3410 485 3507 s
485 3436 543 3478 nm
570 3414 685 3499 arat)
735 3412 877 3477 Verbum
896 3413 936 3474 de
957 3414 1096 3479 oraculir
1118 3415 1269 3484 rotamur.

224 3516 296 3578 vid.
324 3520 489 3582 staveren.
521 3519 559 3580 ad
589 3518 707 3601 Nepot.
730 3527 765 3596 4,
789 3529 822 3595 5.
845 3512 867 3579 f.
908 3527 942 3577 et
967 3533 1046 3598 quoa
1074 3519 1123 3581 ibi
1157 3520 1270 3585 laudat.

225 3617 353 3703 Nempe
373 3619 602 3694 consultantes,
629 3623 861 3705 interroganter
879 3615 1007 3702 [pectet.

292 3814 325 3912 f
329 3844 349 3882 n
359 3823 371 3882 l
371 3814 533 3916 sisset)
581 3823 685 3887 Prout
699 3819 734 3885 in
749 3822 815 3885 hoe
836 3818 923 3882 senso
945 3813 1088 3907 λάμπειν
1104 3823 1271 3911 usurpatur

225 3925 331 3988 actor.
352 3939 406 3993 ια.
430 3941 463 4000 7.
510 3927 627 3986 Auctor
652 3925 795 4004 Etyrnoi.
817 3922 864 3983 Μ.
888 3942 914 3986 c.
932 3923 954 3986 l.
979 3917 1019 3985 τὸ
1039 3916 1202 4018 fulfiffet
1224 3946 1268 3993 et·

223 4028 337 4109 plicat:
375 4024 544 4116 ἀστραπῆς
564 4022 733 4116 γενομένης
755 4015 839 4090 εἶδον
854 4018 913 4090 τόν
934 4015 1041 4089 ro‘rroo
1063 4022 1122 4091 καὶ
1140 4024 1267 4097 ἔκτισαν

222 4124 283 4217 τὴν
309 4122 418 4194 πόλιν.
478 4131 519 4195 lu
543 4146 607 4214 quo
632 4129 765 4215 quidem
793 4142 869 4191 eum
899 4120 1049 4192 Voss'mm
1077 4129 1265 4203 offmdiffrt.
