2656 4702
80 399 83 408 .
127 302 191 416 coe
241 374 244 379 ·
397 334 557 397 norea
596 300 927 396 ariacarrcra'

132 500 301 585 Σινωπεὺς
315 524 350 572 et
362 507 561 596 Σινωπὶτης,
587 529 730 596 quorum
744 507 827 573 illud
844 502 945 571 etiarn
956 499 1058 568 'numi
1079 510 1179 587 praee·

134 611 254 675 ferunt.
301 612 483 685 Σινωπαῖος
508 612 596 694 apird
625 612 736 676 Schol.
769 605 936 694 Apollonii
963 607 1004 669 ad
1021 625 1059 677 τε,
1085 614 1173 686 958.

86 710 89 715 ’
134 709 318 785 Σινωπικὸς
339 735 390 798 ap.
411 715 563 778 Strabon.
587 731 640 777 re.
664 735 697 797 p.
714 727 797 790 373.
820 710 842 773 s.
866 719 950 789 54ο.
975 724 1009 772 ct
1028 708 1072 769 de
1091 724 1176 799 agro

132 813 327 888 Σινωπῆτις.
360 811 471 879 Latini
490 815 653 893 Sinopeus,
670 830 709 878 ut
723 810 823 878 ovid.
838 833 878 874 ex
890 811 998 873 Ponto
1015 833 1046 880 a.
1061 822 1095 887 3.
1113 809 1175 881 67.

135 916 271 996 Sinopen
287 937 315 978 rs
338 913 374 978 in
397 913 517 983 nonis.
546 915 691 993 (Rasche
706 913 741 978 in
757 917 835 978 Lex.
857 933 948 975 num.
968 913 1009 974 T.
1024 929 1060 990 4.
1082 910 1121 971 P.
1144 927 1177 970 a.

134 1036 208 1101 pag.
230 1022 354 1096 1108.)
404 1020 454 1081 De
471 1016 566 1081 causa
583 1014 730 1097 nominis
747 1014 814 1079 vid.
830 1017 990 1094 Scymnae
1011 1008 1118 1075 chius
1139 1007 1177 1072 io

135 1116 251 1200 fragm.
269 1141 299 1181 v.
317 1132 398 1197 205.
441 1122 602 1198 Anonym.
624 1115 660 1182 in
683 1117 782 1182 deser.
805 1112 904 1179 Ponti
926 1136 959 1199 p.
979 1125 1013 1192 8.
1034 1114 1125 1190 (Vol
1142 1125 1178 1188 3.

137 1219 257 1302 Geogr.
278 1220 398 1299 Huds.)
439 1219 587 1283 Eudocia
607 1242 639 1305 p.
658 1233 741 1298 375.
765 1233 798 1282 et
818 1217 929 1280 Schol.
947 1209 1115 1300 Apollonii
1134 1211 1178 1275 ad

141 1338 173 1400 a,
195 1331 278 1400 948.
328 1322 451 1383 Urbem
478 1323 636 1384 Graecam
662 1335 761 1384 vocat
788 1341 821 1406 p.
843 1339 888 1382 m.
913 1331 972 1396 33.
1006 1310 1180 1380 coloniam

138 1422 340 1485 Graecorum
358 1421 727 1506 Cerastautin.Porphyr.
744 1422 785 1484 de
801 1422 901 1484 them.
923 1442 951 1491 ι,
969 1434 1010 1494 7.,
1029 1413 1179 1503 Milesio·

137 1518 290 1589 nominat
305 1525 421 1586 Strabo
442 1543 496 1587 ra.
518 1547 550 1608 p.
567 1527 650 1601 376.
665 1524 687 1586 s.
704 1533 787 1603 545.
815 1518 938 1605 aliique
959 1520 1071 1603 pluree
1086 1516 1179 1602 apud

138 1624 257 1687 Cellar.
280 1621 314 1685 in
337 1627 455 1706 Geogr.
477 1641 542 1689 ont.
559 1641 592 1701 3,
616 1635 650 1699 8,
670 1638 730 1702 55.
782 1619 943 1686 Coloniae
960 1619 1180 1683 deducendae

138 1721 283 1814 praefuit
306 1724 390 1787 sorte
419 1723 539 1788 Critias
566 1727 672 1798 Cous,
707 1721 802 1788 cuius
832 1744 905 1784 eam
938 1720 1060 1809 κτίσμα
1095 1717 1181 1783 dicit

139 1824 283 1888 Eustath.
304 1826 344 1887 ad
366 1823 500 1906 Dionys.
516 1849 548 1890 v.
565 1840 647 1906 775.
675 1846 715 1889 ex
737 1846 804 1910 quo
826 1840 915 1887 recte
939 1822 1118 1885 emendant
1142 1819 1203 1884 in·

27 2006 33 2013 ι
142 1927 308 2008 Stephano
328 1924 482 1990 vitiatum
508 1926 629 2012 κτίσμα
650 1924 857 2015 Μακριτίου.
891 1922 950 1986 nisa
970 1945 1010 1987 ex
1032 1923 1180 2003 Scyrnno

142 2048 170 2089 c.
187 2030 209 2088 l.
236 2043 269 2091 ct
284 2048 451 2108 anonymo
466 2027 501 2091 io
517 2030 617 2095 aleier.
633 2026 731 2100 Ponti
751 2048 778 2090 c.
799 2029 820 2090 l.
841 2026 1019 2111 legendum
1038 2024 1084 2087 est
1105 2027 1182 2112 lipr-

139 2125 242 2202 rivoo.
283 2130 480 2209 Autolycum
501 2142 618 2193 tamen
631 2127 839 2214 conditorem
861 2129 1014 2191 colebant
1035 2114 1180 2191 incolae.
1199 2111 1204 2120 ’

142 2230 312 2307 (Strabo.)
347 2217 610 2318 Antiquissimam
630 2246 717 2295 certe
739 2227 812 2293 eiua
834 2226 997 2313 originem
1019 2228 1061 2290 ad
1076 2220 1180 2312 Argo-

140 2346 315 2395 nautarum
331 2346 478 2417 tempora
494 2331 594 2395 refert
608 2333 735 2403 Strabo,
758 2331 848 2395 unde
862 2329 931 2416 post
944 2327 1062 2393 Milesii
1082 2349 1182 2393 occu·

141 2445 271 2516 parunt.
310 2429 387 2519 alii,
409 2447 447 2496 ut
462 2434 636 2511 scymnus,
657 2434 854 2497 Plutarchus
868 2428 903 2494 in
920 2418 1060 2495 Lucrillo
1077 2452 1107 2495 c.
1121 2445 1180 2509 23.

140 2529 281 2617 Appiam
298 2529 334 2594 in
354 2530 505 2597 Mithrid.
528 2555 557 2598 c.
575 2545 633 2612 83.
657 2535 720 2597 hac
736 2531 818 2596 serie
833 2532 1012 2602 recensent,
1039 2535 1181 2594 Amazo-

141 2653 219 2706 nes,
244 2635 360 2711 Syma,
387 2635 540 2698 Graecae.
593 2633 682 2699 Hinc
702 2633 803 2698 etiam
825 2655 842 2697 a
864 2633 988 2718 Sinope
1007 2634 1180 2697 Amazone

82 2712 90 2737 ⁵
140 2753 264 2797 nomen
282 2733 410 2798 ducunt
423 2752 551 2820 praeter
567 2735 749 2822 superiores
765 2734 1032 2819 Apollondihod.
1045 2754 1076 2807 a,
1092 2744 1180 2816 949.

141 2845 219 2900 'carm
251 2833 444 2910 Scholiasta,
475 2835 614 2901 Diodor.
638 2849 674 2918 4,
704 2854 762 2910 72.
805 2835 960 2902 Priscian.
979 2831 1027 2899 ‘in
1053 2833 1181 2922 perieg.

140 2957 174 2999 v.
191 2949 274 3016 751.
309 2938 463 3001 Genesrua
479 2940 519 3001 de
534 2941 631 3005 rebus
641 2936 842 3004 Constantio.
858 2935 915 3001 lib.
927 2952 959 3015 3.
979 2959 1011 3022 p.
1025 2954 1081 3010 27.
1097 2939 1180 3002 Ven.

142 3053 179 3101 et
199 3058 281 3124 quoe
302 3040 492 3124 producunt
510 3041 637 3105 Welsel.
658 3041 699 3103 ad
714 3037 853 3102 Diodor.
870 3060 897 3101 c.
918 3040 939 3100 l.
965 3054 998 3100 et
1015 3039 1182 3119 Schrader

141 3139 183 3201 ad
210 3139 324 3204 Anien.
350 3164 382 3204 v.
406 3157 490 3222 953·
547 3139 805 3206 celeberrimam
836 3141 953 3227 urbem
986 3138 1182 3222 praedicant

140 3239 250 3309 multi.
299 3239 388 3307 Olim
409 3241 468 3305 diu
490 3242 554 3307 suit
575 3241 695 3314 libera,
721 3242 792 3325 poll
807 3255 990 3325 expugnata
1004 3241 1063 3304 sub
1078 3242 1180 3304 Phar-

140 3341 233 3407 nacis
255 3340 320 3405 suit
342 3340 488 3418 ditione.
520 3345 611 3407 unde
634 3342 704 3428 poll
724 3340 970 3412 Mithridatem,
1002 3339 1059 3427 qui
1083 3338 1181 3426 regni

141 3443 252 3508 sedem
285 3440 333 3506 ibi
361 3443 589 3528 constituerat.
621 3442 779 3509 Romania
807 3443 906 3508 cessit.
933 3444 1071 3522 (Strabo
1088 3465 1117 3507 c.
1135 3447 1179 3523 l.)

141 3543 232 3610 Hinc
246 3542 282 3607 in
295 3545 402 3615 Ponto
422 3550 613 3633 conlocatae
630 3568 648 3608 a
664 3547 798 3626 Scylace
816 3568 847 3628 p.
864 3567 908 3608 m.
925 3555 985 3626 4ο.
1010 3546 1180 3629 Stephano

142 3643 176 3710 h.
194 3669 226 3709 v.
252 3643 500 3726 vitruvium
527 3644 637 3731 Plinio
654 3661 712 3728 35,
735 3646 825 3724 13.s.
843 3649 876 3711 6.
902 3680 953 3698 -
978 3644 1083 3729 magia
1104 3666 1180 3732 pro·

36 3752 39 3757 '
142 3745 215 3833 prie
236 3745 272 3810 in
291 3746 515 3833 Paphlagonia
542 3770 559 3811 a
580 3746 729 3813 Diodoro
752 3760 806 3829 ι4,
832 3765 889 3826 3ι.
940 3749 1090 3832 Imposita
1114 3744 1182 3833 fuir

141 3845 263 3911 cervici
284 3870 389 3934 paene
412 3849 551 3935 insulae,
583 3872 667 3938 quae
688 3847 837 3934 longeio
853 3870 943 3911 marc
958 3847 1178 3934 prominebat,

142 3951 271 4035 dequo
295 3952 355 4013 situ
376 3950 520 4016 maxime
543 3949 733 4016 consulendi
765 3951 838 4016 sunt
860 3952 975 4033 Polyb.
992 3961 1028 4031 4.
1055 3952 1113 4030 56.
1147 3965 1181 4015 et

142 4052 259 4139 Strabo
281 4068 336 4116 ra.
358 4075 391 4140 p.
405 4056 490 4134 376.
512 4054 636 4167 spesi.
668 4050 830 4125 Illarcian.
852 4071 926 4140 pag.
943 4069 988 4130 ‘re
1008 4052 1062 4140 sq..
1076 4051 1178 4117 Hudli

1044 4210 1049 4245 l
