2634 4716
96 366 101 381 '
211 375 276 454 δυσ
376 344 649 449 ,uentu
686 372 1010 445 axaearreta,
1103 416 1106 421 .

208 567 249 645 ¹et
268 551 307 613 de
321 549 470 615 Schmidt
484 551 517 611 in
534 547 694 632 opusculis
714 568 746 632 p.
765 561 834 628 3¹²
856 548 919 632 sqq.
967 549 1061 611 Idem
1081 546 1122 611 de
1139 545 1262 634 Magna

200 654 345 745 HGraecia
364 666 651 733 commemoratur.⁴
697 652 740 713 Ar
754 663 787 712 et
805 652 894 714 uicos
913 663 946 711 et
959 650 1027 713 loca
1044 653 1261 715 eminentiora

210 755 298 831 inter
314 754 382 816 Nili
399 754 583 833 diperticula
603 748 746 844 'tessellae
764 748 1027 815 adnumerabant.
1079 753 1178 814 Tum
1191 772 1261 815 nou

83 850 87 856 ’
216 854 318 920 solum
338 859 378 919 de
393 857 538 939 Aegypto
561 854 594 914 id
610 842 712 924 ualet,
747 851 800 916 sed
822 855 861 916 de
883 856 1021 940 Aegypti
1038 849 1184 924 ditione,
1211 854 1260 916 uti

215 959 345 1039 adparet
368 944 406 1018 er't
427 956 604 1017 Theocrito
625 956 698 1034 ol.
750 955 794 1016 Et
813 955 854 1018 lic
869 955 1051 1019 Eullathius
1064 956 1103 1016 ad
1120 957 1259 1020 Homer.

157 1054 163 1067 “
214 1059 252 1121 ll.
271 1074 302 1128 2,
322 1059 405 1138 654.
421 1078 454 1139 p.
474 1077 519 1118 m.
540 1068 623 1136 258.
650 1057 707 1117 nbi
721 1059 819 1121 etiam
833 1056 937 1129 Amasi
950 1066 1102 1141 regnante
1121 1073 1257 1128 ao,ooo

213 1144 308 1221 urbes
328 1172 579 1229 commemorat,
605 1159 639 1218 iu
655 1159 695 1221 iis
713 1157 802 1220 suiffe
826 1160 946 1221 Ionum
968 1159 1107 1231 Chium,
1137 1161 1258 1231 Teum,

213 1261 407 1343 l’hocaeam,
438 1261 656 1341 Clazomenae,
689 1259 891 1323 Dorienlituu
914 1259 1082 1330 Rhodum.
1110 1259 1258 1323 Cnidum

212 1375 246 1424 et
261 1364 429 1423 nonnullas
444 1363 528 1424 alias.
566 1362 652 1424 Hine
666 1374 749 1424 recte
759 1363 909 1432 salvinus
920 1361 958 1423 ad
971 1361 1113 1425 Eustath.
1130 1382 1157 1426 c.
1174 1362 1196 1424 l.
1217 1362 1259 1424 de

213 1463 365 1526 omnibus
381 1463 634 1529 urbibus.etiam
651 1465 791 1526 externis
813 1465 950 1546 imperio
973 1482 1086 1547 regum
1107 1462 1259 1527 subiectis

213 1566 375 1650 intelligit.
427 1560 529 1626 Poffit
558 1565 647 1633 addi.
681 1566 770 1646 quod
800 1566 956 1648 plurimae
989 1564 1083 1627 urbes
1116 1566 1258 1646 duplicia

210 1669 346 1729 nomina
367 1665 541 1750 gesserunt,
575 1666 713 1728 ethnon
735 1665 810 1726 iude
827 1668 1003 1727 intantum
1025 1679 1151 1727 auctam
1168 1665 1258 1728 luisse

211 1770 452 1829 multitudinem
470 1763 674 1824 contendam.
708 1768 755 1823 lta
769 1768 866 1824 etiam
879 1761 1056 1844 frequentia
1069 1765 1256 1828 hominnm.

211 1869 374 1951 Diodorus
390 1867 477 1926 enirn
494 1884 519 1925 c.
538 1865 560 1928 Ι.
578 1876 810 1924 commemorat
825 1879 1033 1935 7‚ooo.ooo.
1053 1877 1087 1927 et
1102 1862 1258 1949 Iosephus

212 1968 252 2031 tle
270 1968 308 2029 Β.
327 1967 397 2029 lud.
415 1981 447 2036 o,
472 1967 526 2035 16,
543 1976 578 2044 4.
601 1966 742 2051 exceptio
758 1965 980 2028 Alexandrinis
996 1964 1053 2026 inb
1071 1963 1257 2047 Vespasiano

214 2050 423 2151 mnemon.
473 2067 567 2129 Plura
583 2065 624 2127 de
646 2067 709 2128 hoc
732 2066 820 2128 dabit
841 2067 1002 2150 d’Origny
1025 2067 1182 2152 l’Egypte
1202 2089 1256 2130 an·

211 2174 323 2235 denne
344 2173 384 2233 T.
407 2191 436 2233 ι.
454 2190 487 2251 p.
506 2171 552 2246 76
568 2165 647 2250 sqq.¹
670 2168 777 2229 Hodie
792 2168 929 2252 Aegypti
949 2168 1071 2232 incolae
1091 2168 1257 2232 aestimau-

210 2287 263 2337 tur
286 2284 491 2350 a,5oo,ooo.
520 2286 558 2332 ut
573 2270 705 2351 quidem
719 2282 812 2353 putat
828 2270 980 2332 Browne.
1006 2311 1011 2321 -

286 2432 453 2532 Amasi)
504 2439 563 2503 vet
581 2398 750 2532 'Amnon
776 2439 826 2501 uu
848 2435 1254 2524 respiramentum.

209 2544 243 2616 6,
270 2557 331 2620 23.

196 2740 227 2771 ·.
285 2723 325 2773 et
350 2707 481 2790 nnuc)
531 2710 658 2772 Plinius
679 2730 710 2775 c.
736 2711 759 2776 l.
789 2712 904 2775 eadem
931 2711 989 2774 lic:
1026 2696 1258 2796 urrnequoqrre

210 2812 337 2882 multis,
369 2807 495 2900 etlanrfi
522 2809 731 2890 ignobilibus,
758 2803 928 2903 frequens.
993 2798 1075 2876 lardo
1103 2813 1256 2877 recensus

120 2934 124 2943 ·
207 2912 357 2994 soluitur.

289 3080 406 3165 Sais)
458 3081 514 3144 Gr.
536 3071 640 3155 Σᾶϊς,
671 3079 711 3142 de
733 3081 826 3143 cuius
848 3082 1022 3146 inflexione
1042 3095 1078 3146 et
1099 3083 1255 3149 derivatis

207 3184 288 3246 dicit
308 3184 499 3267 Stephanus.
553 3182 696 3266 Quidam
719 3182 798 3243 elim
824 3184 984 3245 coloniam
1006 3182 1254 3249 Atheniensium

206 3281 362 3356 iecerunt,
386 3300 423 3346 ut
439 3284 631 3366 Apollonius
644 3284 794 3362 Tyaneus
811 3284 897 3367 epist.
916 3301 974 3360 70.
989 3286 1090 3369 magis
1103 3303 1144 3346 ex
1159 3308 1251 3360 vero.

207 3384 260 3446 alii
277 3401 386 3447 contra
402 3388 584 3456 statuerunt,
610 3388 650 3447 de
666 3404 729 3466 quo
745 3382 783 3449 cf.
802 3385 946 3448 Olearius
961 3387 1000 3448 ad
1015 3386 1165 3468 dpollon.
1183 3410 1212 3452 c.
1228 3391 1251 3453 l.

97 3477 98 3480 ¹
206 3499 241 3548 et
261 3487 443 3571 Welleling.
465 3489 505 3548 ad
525 3487 659 3549 Diodor.
682 3508 711 3558 1,
738 3499 796 3564 28.
829 3480 1044 3574 Msprpo‘uoltc
1072 3489 1129 3574 τῆς
1157 3484 1251 3554 κάτω

205 3579 321 3675 χώρας
344 3590 464 3667 (Delta)
489 3601 651 3650 vocatura
668 3587 823 3650 Strabone
838 3606 893 3672 17.
911 3611 943 3670 p.
961 3576 1046 3666 551.
1061 3587 1083 3652 s.
1101 3601 1189 3666 802.
1216 3607 1251 3654 et

205 3688 391 3767 Ptolemaeo
408 3701 442 3771 4,
460 3701 493 3767 5.
516 3689 630 3752 distans
653 3705 674 3750 2
694 3688 838 3752 schoenis
859 3691 991 3765 aNi103
1023 3709 1040 3753 a
1057 3690 1193 3755 Platone
1215 3698 1251 3755 in

204 3791 341 3851 Timaeo
370 3811 402 3871 p.
429 3807 512 3871 290.
536 3791 669 3874 Bipont.
697 3789 837 3878 μεγίστη
857 3788 960 3868 πόλις.
995 3792 1130 3870 (Strabo
1151 3813 1179 3856 c.
1204 3794 1249 3869 l.)

206 3891 292 3953 ilinc
314 3892 439 3979 Σαΐτης
461 3887 574 3980 νομόςς
604 3894 761 3955 Herodot.
777 3908 811 3963 2,
834 3896 913 3971 165.
950 3895 1247 3958 Ptolemaeorum.

84 3997 85 4000 ’
204 3991 329 4055 Plinius
347 4006 380 4071 5,
398 4013 433 4073 9.
476 3996 514 4054 ln
536 3994 599 4076 ipsa
615 3995 692 4054 urbe
712 4010 933 4056 memorantur
948 3993 1249 4080 regia‚'(llerodo·

202 4105 255 4158 tua
273 4109 307 4169 a.
329 4093 432 4182 165.)
464 4097 621 4179 templum
644 4095 822 4169 Minervae,
852 4098 960 4175 (idem
978 4112 1012 4170 a,
1032 4101 1138 4178 170.)
1164 4117 1246 4180 quae
1271 4122 1272 4127 ¹
