2634 4716
281 417 334 478 ru
363 416 497 477 roni.
533 414 641 502 nnn.
683 417 717 473 L.
739 418 762 474 1.
806 418 897 476 on.
937 419 963 489 s.
989 434 1019 477 α.
1129 417 1170 495 65

128 612 215 678 quse
229 605 358 656 veteres
379 593 419 656 de
444 590 546 654 forma
568 591 769 675 epistolarum
789 606 823 656 et
842 567 1025 656 libellorum
1046 612 1172 675 memo,-

129 697 260 758 rialium
280 704 550 785 commemorant,
576 695 609 754 in
629 693 744 775 quibus
762 698 893 778 paginus
908 709 940 759 et
955 696 1075 758 tubulos
1095 697 1173 762 lole-

128 797 210 860 bant
223 797 285 859 litu
299 809 332 857 et
347 797 468 865 ordine,
495 813 559 876 quo
575 796 609 857 lit
624 794 720 858 hodi'e
737 800 770 857 in
789 797 888 867 libris,
914 796 1010 880 [equi.
1047 799 1171 882 Quodsi

130 900 264 982 impleta
280 898 430 970 versibus,
453 911 541 958 recto
557 898 668 959 ordine
683 896 952 980 subsequentibus,
981 901 1095 985 pagina
1117 902 1171 963 ali·

128 1002 211 1084 quid
232 998 413 1081 luperellet,
439 999 524 1080 quod
541 999 592 1059 ills
608 1020 674 1060 non
691 1004 830 1082 caperet,
856 1022 916 1063 nec
935 1016 1042 1063 taruen
1064 1005 1096 1063 iu
1115 1023 1174 1065 no·

129 1102 208 1164 ram
237 1103 386 1185 paginam
419 1101 576 1162 coniicere
605 1102 742 1170 vellent,
781 1115 852 1164 tum
886 1122 964 1165 vero
995 1103 1184 1168 transverso

128 1205 248 1287 pagina
262 1200 437 1264 scribebant
455 1203 488 1262 in
503 1203 657 1285 margine.
694 1204 780 1265 Hinc
796 1203 910 1268 Cicero
924 1207 962 1266 od
976 1206 1071 1268 Attio.
1088 1218 1120 1282 5,
1140 1231 1171 1271 1.
1222 1222 1229 1239 ¹

130 1305 339 1367 Nunovenio
355 1304 399 1364 od
417 1295 633 1394 transversum
651 1302 738 1364 illum
757 1316 916 1366 extremae
933 1319 1008 1367 tuoe
1025 1308 1075 1385 epi
1089 1308 1174 1368 tulos

129 1405 330 1469 ocriculum.
382 1406 467 1466 Hinc
482 1403 659 1487 transversa
678 1406 798 1476 charta,
826 1427 885 1489 qus
901 1420 973 1469 anto
989 1408 1050 1470 iul.
1066 1408 1175 1472 Caela·

132 1529 205 1571 rom
226 1505 372 1570 consules
393 1519 427 1567 et
450 1507 547 1568 duces
567 1507 601 1566 in
624 1507 761 1588 epistolis
784 1509 821 1568 ad
845 1509 986 1570 senatum
1008 1511 1174 1574 mittendis

133 1608 310 1697 utebantur
334 1605 391 1669 lec.
416 1597 549 1670 sueton.
574 1609 609 1668 in
636 1606 722 1670 Cael.
744 1629 810 1691 cap.
834 1611 889 1686 56.
923 1612 966 1670 ita
993 1611 1135 1673 deflectit
1157 1632 1178 1674 a

132 1711 259 1796 vulgari
276 1708 478 1791 epistolarum
493 1705 605 1779 forma.
628 1723 664 1770 ut
679 1711 779 1772 maior
796 1711 869 1774 ellet
886 1713 1023 1774 latitudo
1039 1713 1175 1798 chartae,

133 1833 232 1896 quarn
252 1811 461 1894 longitudos
484 1807 608 1872 summo
623 1813 661 1871 sd
680 1811 795 1879 imum.
846 1815 898 1876 Sic
920 1815 1055 1875 omnino
1078 1814 1178 1896 polita

135 1915 237 1996 ulique
252 1913 335 1973 linea
352 1912 543 1995 intelligitur
560 1911 747 1985 transversa,
774 1916 822 1974 uti
840 1915 942 1977 lineae
959 1935 976 1976 a
991 1917 1124 1978 meridie
1139 1919 1177 1978 in
1234 1957 1242 1969 ι

135 2013 380 2100 septemtriones
401 2014 532 2087 ductas,
562 2014 650 2094 quod
673 2014 726 2074 hic
747 2015 819 2076 vult
842 2016 1047 2087 Gronovius.
1080 2030 1178 2081 trans·
1272 2088 1275 2093 ,

136 2117 226 2180 veria
243 2114 339 2180 eliab
358 2116 481 2177 oriente
496 2115 529 2173 in
546 2116 757 2177 occidentem.
792 2116 894 2180 Porro
910 2138 984 2179 cum
1005 2119 1178 2184 transversa

137 2219 223 2282 iacto
245 2217 365 2301 ungulo
384 2237 401 2278 o
423 2217 523 2298 priori
542 2217 627 2276 linea
649 2217 827 2287 discedant,
860 2220 938 2279 illud
960 2220 1040 2280 lutus
1057 2220 1109 2280 hic
1130 2219 1180 2282 in·

139 2321 241 2404 telligi
264 2318 378 2388 debet,
412 2317 500 2397 quod
530 2317 606 2377 inde
631 2336 648 2376 a
670 2316 845 2388 Colchide,
878 2320 934 2380 ubi
960 2339 1096 2380 curvum
1120 2320 1182 2384 else

140 2423 219 2485 litus
239 2421 343 2490 dedit,
385 2420 426 2479 od
455 2436 491 2479 os
516 2418 686 2480 Maeotidis
713 2416 734 2480 l.
762 2419 940 2501 Bosporum
966 2419 1182 2484 Cimmerium

135 2524 337 2586 extenditur.
391 2520 495 2599 Atque
516 2508 664 2580 ita'idem
687 2519 787 2591 valet,
821 2523 906 2602 quotl
924 2524 1005 2585 dixit
1017 2518 1129 2610 flexus
1147 2516 1182 2586 ui

128 2617 485 2723 firrupodverfilitoris
498 2612 538 2712 fe
557 2620 715 2684 adtollens
742 2642 771 2694 t,
794 2643 806 2683 ι
814 2641 848 2702 9,
874 2640 928 2686 ια.

220 2819 356 2922 ipsam
381 2825 535 2911 gremio
552 2856 600 2872 -
609 2823 628 2906 )
667 2823 791 2900 Clarius
807 2844 895 2888 nunc
914 2828 1064 2909 loquitur,
1088 2847 1185 2909 quam

142 2931 233 3014 sopra
250 2933 290 2994 de
306 2930 401 2998 Nilo,
434 2931 506 3009 quia
530 2925 595 2989 fere
614 2946 727 2989 omnes
748 2928 935 2998 statuerunt,
967 2932 1102 2991 Tanaim
1126 2928 1187 2992 elle

143 3036 288 3097 limitem
304 3033 391 3094 Anae
404 3044 435 3091 et
454 3016 608 3111 Europae.
637 3048 661 3090 r.
678 3047 876 3092 onouovrvs
893 3031 968 3092 MS.
985 3047 1020 3095 Ω.
1056 3032 1187 3111 Recipit

143 3136 298 3222 paludem
317 3135 384 3194 sinu
406 3129 487 3193 fscto
511 3129 548 3194 lc.
564 3131 643 3192 circa
660 3126 724 3191 iam
744 3132 884 3193 reducta.
917 3148 1087 3192 onnnvrvs
1109 3131 1186 3191 MS.
1247 3116 1251 3128 ’

145 3239 172 3303 1.
188 3257 219 3300 e.
242 3236 390 3297 incurrat
411 3233 439 3294 le
461 3234 601 3314 primum
618 3250 716 3311 usque
731 3234 768 3292 ad
790 3232 874 3301 ollis,
900 3253 956 3311 per
978 3234 1190 3311 quaerantur

145 3341 182 3405 in
210 3338 359 3423 paludem
383 3335 568 3405 molvium
602 3333 717 3394 deiude
734 3335 780 3393 uti
800 3334 916 3394 Tanais
939 3331 1118 3405 (inscendit,
1146 3333 1190 3396 its

146 3439 214 3524 ipls
237 3437 386 3500 ascendit.
427 3434 588 3498 Chamon
609 3438 648 3496 de
674 3435 759 3498 Nilo.
797 3451 1004 3500 ntvnnnnuvs
1027 3437 1061 3494 in
1083 3435 1190 3515 pirolis·
1241 3425 1247 3455 '

137 3539 238 3637 sione
252 3532 450 3631 scholastica
468 3554 499 3598 o.
517 3536 563 3596 od
577 3538 609 3596 Ιι.
625 3536 645 3598 l.
704 3537 859 3597 Gremium
878 3538 963 3617 quod
983 3536 1114 3616 quidem
1138 3535 1190 3597 nb·
1262 3536 1265 3541 ⁴

147 3643 211 3707 elle
236 3655 377 3724 poterat.
414 3637 463 3700 led
485 3639 522 3698 ad
540 3638 729 3726 ampliorem
753 3653 785 3699 et
808 3637 1019 3699 inlustriorem
1036 3639 1191 3702 orationis

147 3745 291 3810 formum
306 3737 437 3809 accello.
464 3740 630 3801 demedio
650 3739 779 3799 litorum
801 3742 922 3800 finitum
940 3740 1083 3801 interiori
1106 3740 1191 3801 flexu

150 3850 194 3912 lic
213 3848 310 3909 etlam
331 3844 448 3905 dicitur
468 3859 498 3910 o,
518 3854 549 3919 3,
572 3861 601 3900 ι.
632 3853 663 3918 3.
687 3854 718 3918 3,
739 3851 773 3919 4.
825 3845 874 3902 lle
895 3842 1033 3902 lectione
1053 3854 1084 3900 et
1103 3838 1192 3902 lenlu

149 3949 347 4016 verborum,
380 3963 461 4025 «pise
487 3944 688 4023 disputarunt
715 3943 777 4001 viri
799 3942 903 4011 docti,
934 3944 1002 4002 vid.
1029 3953 1095 4000 not.
1122 3942 1191 4006 crit.

149 4051 316 4133 Equidem
332 4059 452 4108 mutata
468 4046 604 4104 maxima
622 4044 824 4107 distinctione
836 4045 880 4105 its
898 4042 1081 4126 explicanda
1095 4057 1193 4127 puto:

204 4167 303 4240 Pomp.
320 4164 414 4222 Mela·
436 4159 648 4237 tuageni-1.
910 4143 940 4204 Ε
