2634 4716
204 371 267 439 roa
473 335 1021 435 trotuu·tarraorrrtcta·¹
1098 354 1105 365 '

205 520 331 633 ueras,
358 547 452 611 auam
474 536 698 631 oreeagmnu
723 561 836 611 renam
864 547 975 611 trinu.
1025 545 1128 629 trapa
1149 557 1264 608 amem

207 654 273 717 hoc
293 653 407 714 accidit
423 653 457 712 in
471 649 585 723 Africa,
607 664 644 712 ut
662 652 696 712 in
714 651 842 712 dirersis
859 648 1046 734 regionibus
1059 649 1263 730 reperiantur

207 755 295 847 loca.¹
332 754 449 817 iisdem
474 753 662 816 nominibus
685 753 844 838 insignita.
896 753 949 813 Sic
970 745 1150 841 Rusicade.
1183 750 1262 812 Mo·

207 855 361 926 lochatlt.
396 855 556 935 Apollinis
579 856 830 936 promontorium
856 855 892 914 in
917 853 1116 915 Ptolemaeo.
1162 870 1262 912 rattr-

210 975 349 1020 norma.
401 958 497 1043 Angli
525 959 560 1017 in
590 956 717 1051 historia
741 956 892 1018 catholica
916 956 958 1017 Τ.
980 952 1035 1018 ι6.
1057 936 1195 1038 p2135.
1218 972 1261 1015 ex

208 1058 483 1142 Orientis-lingua
503 1076 627 1120 nomen
648 1057 794 1120 derivant
825 1062 905 1128 ΠΨ
928 1060 1024 1126 hnc,
1058 1069 1095 1115 ut
1118 1052 1171 1125 lit,
1202 1054 1262 1136 qni

88 1153 96 1165 ’
211 1157 352 1224 seorsum
368 1161 465 1242 ponit
478 1156 618 1231 frenum,
640 1161 716 1240 quia
733 1157 874 1223 infrenet
895 1172 984 1220 errnt
1006 1155 1182 1219 Numidae.
1220 1156 1263 1219 At

210 1262 340 1349 gravior
355 1261 396 1323 de
410 1279 490 1329 ¹vero
503 1261 621 1323 sitnesl
636 1261 793 1342 quaestio,
818 1262 853 1322 in
871 1280 931 1342 qua
948 1256 1147 1342 expedienda
1162 1258 1264 1319 inter·

209 1378 319 1448 pretet
346 1362 538 1427 laborarunt.
597 1364 724 1424 Errorio
745 1362 865 1425 Melam
896 1359 1016 1423 incusat
1037 1360 1141 1420 etiarn
1164 1358 1263 1422 Grae·

212 1467 288 1527 vina
310 1461 381 1527 Ms.
433 1465 532 1547 Quod
554 1482 594 1526 ex
614 1464 746 1544 Polyhii
764 1465 835 1526 loco
852 1463 994 1524 vindicat
1016 1462 1042 1523 l.
1058 1460 1262 1533 Gronovius

212 1565 427 1628 dubitationis
440 1566 562 1646 aliquid
581 1565 751 1645 admittere
765 1564 904 1628 videtur.
943 1562 1071 1644 Nempe
1086 1562 1261 1633 Hannibal,

214 1679 255 1728 ut
270 1666 397 1741 certiori
415 1666 490 1728 fidei
504 1667 636 1728 vinculo
650 1666 793 1730 diversor
806 1667 925 1729 milites
940 1666 1131 1736 contineret.
1150 1660 1264 1747 Hispa·

212 1787 276 1830 noa
301 1771 336 1828 in
360 1754 517 1838 Africam.
550 1765 643 1830 atros
668 1770 703 1830 in
725 1766 909 1850 Hispaniam
932 1767 1054 1828 traiecit
1061 1786 1090 1839 ς,
1113 1767 1194 1827 item
1220 1785 1262 1827 ex

214 1868 489 1952 Metagonitarnm
512 1869 640 1952 oppidio
656 1871 777 1932 milites
792 1868 1019 1953 Carthaginem
1040 1866 1141 1938 misit,
1169 1879 1206 1927 ut
1227 1881 1263 1929 et

215 1969 366 2041 obsidum
387 1983 422 2033 et
441 1970 584 2051 praesidii
605 1970 678 2033 loco
699 1971 809 2034 essent.
861 1971 947 2033 eum
969 1988 1049 2032 vero
1072 1968 1206 2032 Mintur
1227 1959 1272 2031 et‘

214 2069 376 2134 Numidaa
399 2068 501 2133 socios
520 2071 668 2143 haberet,
700 2074 813 2135 eadem
836 2068 923 2133 causa
946 2072 1262 2152 motm‘eodemque

213 2173 302 2257 iure,
328 2191 393 2254 quo
409 2174 443 2234 in
460 2171 623 2256 Hispania.
649 2173 682 2234 id
703 2172 806 2236 secisse
821 2174 960 2236 ridetur.
1007 2171 1108 2256 Quod
1123 2172 1165 2234 de
1181 2156 1262 2234 dno·

214 2273 278 2337 hut
298 2274 430 2349 diversit
447 2275 591 2338 eiusdem
613 2289 721 2337 tamen
741 2276 884 2338 nominis
900 2276 1132 2359 promontoriis
1145 2273 1264 2335 adtulit

214 2374 415 2448 Perizonius,
438 2377 527 2438 idem
542 2391 634 2438 antea
651 2370 764 2438 visnm'
773 2391 840 2439 erat
859 2375 1026 2440 Holllenio
1041 2376 1081 2437 ad
1096 2373 1262 2438 0rtelinm

171 2556 177 2565 ·
215 2498 251 2562 p.
281 2492 362 2540 tm.
393 2478 519 2558 etpost
543 2479 672 2560 repetiit
697 2479 892 2541 Harduinuo.
947 2476 1076 2559 Nempe
1103 2475 1263 2538 Maureta·

214 2580 290 2641 niae
309 2577 533 2661 Metagonium
558 2597 736 2641 memorare
753 2578 944 2642 Strabonem
966 2592 1000 2641 et
1019 2577 1261 2649 Ptolemaeum,

217 2679 253 2741 lt.
275 2677 367 2757 Copo
388 2677 423 2737 di
442 2689 505 2738 tres
524 2679 659 2750 Forcm,
691 2682 827 2742 alterum
845 2678 949 2742 Melae
968 2699 1057 2741 nunc
1080 2679 1141 2743 esse
1167 2680 1263 2760 Cap'o

206 2778 252 2840 -rli
262 2779 378 2858 ferro,
404 2781 489 2859 qnod
505 2778 574 2842 aliia
590 2779 627 2840 fit
644 2779 803 2844 Tretums.
826 2780 959 2851 Tritum,
986 2783 1035 2841 uti
1049 2782 1149 2843 etiam
1169 2794 1263 2866 putat

214 2878 506 2962 Schweighaeuser.
535 2882 575 2941 ad
601 2881 716 2967 Polyb.
744 2902 771 2943 c.
799 2883 821 2945 1.
882 2882 1027 2944 Eandem
1054 2902 1149 2953 vero,
1179 2901 1263 2966 quae

217 2979 342 3049 Melae,
368 2980 587 3044 Timosthenit
610 2981 700 3044 fnisse
720 2982 926 3054 sententiam,
957 2986 1013 3064 qui
1032 2982 1184 3049 Maffiliae
1204 2978 1283 3049 ost·⁴

216 3081 357 3165 pofitum
383 3081 461 3141 illud
482 3080 571 3144 luisse
591 3081 765 3165 scripserat,
793 3106 833 3147 ex
854 3084 1011 3148 Strabone
1025 3105 1051 3146 c.
1075 3087 1097 3146 l.
1119 3088 1261 3170 adparet,

217 3201 236 3243 a
256 3200 322 3265 qpo
341 3196 448 3245 tamen
464 3184 722 3267 reprehenditur.
772 3185 869 3249 Shaw
889 3188 930 3249 T.
949 3207 979 3250 ι.
1003 3207 1074 3272 pag.
1094 3204 1152 3268 99.
1179 3188 1262 3250 illn'd

216 3283 320 3346 hodie
337 3284 400 3342 dici
418 3297 510 3364 putat
529 3287 657 3348 lino-el
677 3278 879 3376 Horflvfo,
904 3287 976 3359 hoc,
998 3289 1086 3371 quod
1101 3291 1171 3352 aliia
1191 3288 1262 3353 Tra·

219 3393 305 3452 tum,
337 3382 528 3467 respondere
551 3390 780 3467 promontoriis
800 3384 900 3448 selba
923 3390 1016 3450 llour
1037 3391 1059 3453 i.
1081 3410 1111 3453 e.
1134 3390 1262 3476 septem

217 3485 467 3567 promontoriis.
493 3486 674 3548 Bouiarorte
695 3491 729 3547 in
750 3489 982 3553 recentioribna
1000 3490 1132 3563 tabulis,
1162 3493 1262 3556 thul·

216 3581 310 3646 sedne
325 3583 484 3665 Bounom.
512 3587 562 3646 De
576 3588 677 3649 Treto
692 3601 799 3649 tamen
813 3589 918 3650 turbat
928 3591 1041 3655 Strabo
1056 3609 1112 3669 17.
1127 3615 1161 3676 p.
1172 3608 1261 3673 572.

216 3682 240 3747 s.
263 3696 347 3763 832.
380 3686 435 3765 qui
460 3685 529 3766 post
557 3687 636 3748 illud
660 3688 755 3769 ponit
776 3688 916 3764 Citam
958 3707 990 3755 at
1010 3696 1049 3756 in
1069 3695 1261 3762 Ptolemaeo

215 3788 332 3857 etiam,
359 3786 450 3845 utin
472 3786 558 3848 Mela
577 3787 749 3870 praecedit.

238 4049 245 4063 ,
293 4004 389 4087 oros
414 3985 738 4069 Philaenorum)
778 3956 889 4054 'turer
913 3993 1124 4064 hauddubie
1149 4000 1181 4066 se
1205 4002 1260 4067 ha·

218 4086 290 4151 huit
318 4086 381 4150 hoc
405 4105 545 4174 nomeu,
582 4088 605 4149 li
629 4096 746 4153 verum
770 4091 901 4160 illorum
925 4097 1102 4167 homiuum
1123 4104 1160 4168 id
1184 4102 1269 4170 suit'
