2634 4716
206 386 272 473 0⁶⁴
408 404 419 503 .
477 383 640 446 ttortr
679 380 984 449 exeoerrctz

105 610 113 625 .
210 550 561 644 nomen'rlillinguunt.
596 559 684 619 Tum
694 556 898 619 Ptolemaeus
913 568 949 634 5,
969 575 1001 621 r.
1026 554 1113 619 elnae
1127 553 1259 618 omnine

208 662 322 731 Prusae
354 670 602 730 commemorat,
633 667 736 721 'unam
762 660 852 721 iuxta
886 660 1037 745 Hypium
1058 655 1099 720 il.
1137 648 1259 717 alteram

210 768 300 829 iuxta
317 763 496 845 Olympum
519 774 680 831 montem,
706 760 854 823 Prusiade
868 774 976 822 autem
997 760 1035 821 ln
1049 778 1112 822 ora
1127 759 1167 819 ad
1185 755 1262 819 Alce·
1304 790 1307 855 ἰ

98 847 109 869 ‘
212 869 306 930 nium
325 867 440 928 lacum.
484 859 1261 941 ¹I‘liniua5',143.[17,c.treePrtrlre‚I'rnliarlr

212 969 335 1032 nullam
350 967 454 1035 novit,
480 984 577 1025 unam
595 961 651 1023 sub
668 963 823 1046 Olympo.
849 958 978 1027 alteram
994 982 1102 1044 prope
1115 958 1261 1022 Nicaeam

213 1071 328 1151 (quam
351 1080 384 1128 et
399 1067 544 1149 ‘adtingit
565 1067 630 1126 Dio
640 1075 706 1145 54.
724 1067 758 1129 6.
781 1066 838 1127 ubi
857 1063 897 1129 cl.
913 1066 1113 1142 sternam.)
1141 1064 1261 1125 tertiam

213 1168 272 1231 lob
300 1169 409 1248 Hypio
436 1181 559 1230 monte.
611 1167 820 1245 Posteriora,
856 1150 893 1228 ut
919 1164 1091 1228 Hierocles
1119 1186 1153 1248 p.
1181 1163 1259 1248 692.

216 1270 335 1352 Geogr.
352 1271 496 1330 liavenn.
517 1281 550 1344 5,
565 1286 600 1347 9.
622 1269 731 1330 tabula
750 1269 934 1352 Pentinger.
953 1278 987 1344 8.
1005 1267 1041 1329 F.
1071 1267 1178 1329 modo
1194 1266 1261 1328 Pro·

213 1371 289 1434 bant
314 1384 587 1437 commemorant.
622 1372 723 1432 modo
749 1370 913 1439 Prusiade,
944 1368 1059 1430 utrix
1087 1367 1262 1431 discernere

214 1473 318 1535 liceat.
341 1488 344 1493 ·
372 1470 483 1533 Nostra
504 1467 653 1560 Prusias,
680 1490 754 1532 cum
772 1458 892 1533 ceterae
912 1471 1048 1532 nimiae
1067 1469 1262 1551 corsuepro·

78 1608 82 1613 ·
216 1571 371 1659 graffione
389 1574 466 1633 binc
479 1572 605 1642 distent,
632 1570 694 1653 luit
708 1574 746 1633 ad
763 1570 931 1633 Ascanium
948 1573 1068 1640 lacum.
1097 1571 1158 1633 ubi
1178 1571 1263 1654 ponit

215 1675 435 1753 Ptolemaeus.
469 1674 559 1733 etin
582 1674 749 1734 maritimis
772 1674 921 1743 urbibus.
952 1673 1009 1734 ubi
1030 1672 1116 1736 Cios
1140 1674 1263 1754 antiqua

215 1775 302 1838 [terit
324 1775 467 1850 (Pliniue
486 1785 518 1849 5.
540 1784 601 1852 4ο.
619 1772 639 1835 l.
657 1777 735 1851 32.)
758 1757 960 1835 ad'Gianum
982 1776 1104 1837 linum.
1130 1776 1261 1852 (Strabo

218 1877 308 1952 ol.)
338 1875 434 1939 ¹Hinc
464 1876 657 1937 discriminis
691 1872 777 1937 caula
810 1878 844 1935 in
871 1878 979 1936 numia
1005 1877 1130 1960 legitur
1166 1875 1262 1963 Πρου·

220 1996 311 2043 orror
339 1974 608 2064 noccssloloorotrt
640 1976 788 2061 (Eckltel
807 1997 833 2062 c.
856 1975 901 2060 1,.)
939 1990 972 2041 et
997 1976 1177 2065 Προυσιεις
1206 1998 1261 2042 eet

216 2073 388 2163 θαλασσης
409 2080 442 2140 io
464 2080 691 2162 epigrammate
714 2081 798 2160 apud
819 2078 1033 2140 Muratorium
1060 2099 1137 2163 pag.
1165 2092 1260 2163 ²⁰75·

217 2165 494 2261 Hanchuid'em
523 2179 679 2241 summam
705 2199 744 2243 ex
770 2195 938 2242 anctorum
971 2179 1105 2242 indiciie
1130 2179 1262 2243 conieci.

218 2281 285 2365 Qui
308 2281 451 2363 plura'ab
473 2283 541 2343 aliie
556 2283 713 2362 ‹liaputata
734 2281 904 2351 defitient,
926 2281 1012 2342 adire
1028 2283 1139 2362 potest
1155 2284 1262 2347 Cellao

216 2384 252 2445 lrt
272 2382 390 2466 Geogr.
412 2396 525 2461 ant.5‚
549 2394 583 2459 8,
607 2385 640 2446 6.
680 2383 821 2445 Holllen.
843 2383 883 2443 ad
902 2383 1061 2463 stephan.
1087 2404 1167 2470 pag.
1188 2387 1263 2464 265.
1297 2426 1301 2433 «

216 2482 345 2547 Berkcl.
371 2485 410 2544 ad
436 2484 575 2544 eundem
603 2496 634 2564 p.
654 2486 739 2562 648.
772 2483 914 2558 Politum
936 2487 974 2544 ad
999 2483 1214 2549 Eullathiunr
1236 2489 1265 2548 io

217 2585 354 2649 Homer.
370 2585 410 2646 Τ.
422 2599 455 2645 2.
471 2604 502 2664 p.
515 2600 599 2663 790.
626 2587 791 2665 quianam
807 2600 932 2646 tentum
943 2585 1095 2647 Prusiade
1113 2588 1265 2671 agnoscit,

217 2686 369 2754 Cinnam,
399 2684 533 2764 reliqum
552 2687 629 2748 duaa
652 2685 778 2757 Prusae,
803 2688 889 2749 etin
913 2688 1026 2768 primia
1048 2689 1190 2755 Salmas.
1207 2712 1233 2753 c.
1246 2692 1266 2754 l.

215 2786 470 2948 Revixitiemen
496 2800 587 2847 vetuo
607 2804 739 2857 nomen,
763 2801 799 2847 ut
816 2789 933 2849 docent
948 2787 1146 2871 posterioree
1162 2809 1267 2854 aucto·

215 2908 266 2950 rea
286 2901 341 2949 ant
361 2904 377 2948 a
400 2889 581 2952 memorati.
601 2889 730 2951 Hodie
751 2902 882 2952 vocatur
908 2886 1059 2954 Gemilic.
1089 2892 1266 2969 (Pococka

215 2990 539 3070 Uonmaml

291 3191 527 3273 Phrygiae)
578 3189 796 3281 Gn'tl’ou'yio.
837 3193 963 3256 Incolae
989 3186 1145 3281 Φρύγες,
1180 3200 1264 3263 oncle

214 3282 375 3382 Φρύγιος,
401 3287 573 3380 Φρυγικός.
603 3284 663 3355 ¹Do
679 3295 821 3357 nominis
837 3297 961 3380 origine
977 3295 1144 3361 disserunt
1159 3316 1263 3366 aucto·

214 3414 266 3457 ree
287 3394 356 3455 bill.
375 3393 511 3457 univers.
528 3394 598 3456 Vol.
616 3405 650 3473 4.
667 3416 699 3477 p.
718 3389 802 3474 555.
828 3410 861 3458 et
876 3398 951 3459 inde
969 3397 1111 3461 Gutbrie
1131 3418 1169 3464 et
1184 3404 1263 3482 Grry

215 3496 314 3559 Toto.
331 3511 364 3558 Ω.
388 3515 420 3576 p.
441 3509 519 3572 105.
554 3498 736 3568 Terminoe,
762 3508 886 3560 veteres
910 3503 1061 3571 maxime,
1088 3502 1263 3569 difficulter

215 3596 367 3682 rlr‘liingtri
389 3594 491 3677 polle,
525 3601 653 3659 monuit
672 3597 737 3679 iple
759 3599 871 3662 Strabo
888 3617 943 3662 ια.
968 3622 999 3683 p.
1019 3616 1111 3681 588.
1130 3604 1155 3666 s.
1178 3609 1261 3688 564.

214 3699 312 3762 etilo
334 3698 374 3759 de
396 3697 620 3797 posterioribus
643 3700 762 3784 ambigi
785 3703 893 3764 docuit
908 3702 1064 3765 Celloriue
1085 3708 1120 3766 in
1140 3709 1260 3794 Geogr.

213 3804 447 3882 mabilla&
470 3798 512 3882 sq.
564 3802 614 3861 De
634 3800 696 3882 ipsa
719 3804 868 3887 regione,
901 3824 995 3885 quam
1013 3806 1098 3868 Mela
1119 3807 1176 3872 ltic
1198 3825 1260 3872 tan·

213 3902 284 3965 tum
302 3915 335 3962 et
359 3900 441 3980 quali
461 3904 499 3962 ad
524 3904 609 3961 viam
626 3905 778 3986 adtingit,
807 3898 937 3988 ‘potiora
959 3907 1121 3973 delibabo.
1178 3913 1258 3975 Mela

213 3997 287 4064 eo‘m
310 4001 379 4064 aliie
405 4002 575 4083 Bithyniae
604 4000 678 4063 facit
705 3995 889 4077 finitimam,
923 4026 1002 4087 quae
1027 4005 1091 4071 fuit
1117 3988 1258 4099 Phrygia

212 4102 332 4175 moion
357 4112 500 4165 auctore·
516 4106 615 4174 enim,
641 4119 679 4165 ut
696 4105 837 4170 Ptolem.
854 4114 888 4185 5.
906 4122 940 4171 2.
962 4110 1257 4203 l’ohrnygiametiam
