2634 4716
132 359 175 427 40
404 342 565 410 norun
606 308 906 409 nxnonrrctn
1036 410 1040 426 ,

12 588 16 601 ,
136 548 209 612 pag.
231 540 265 606 5.
299 523 347 589 lta
369 544 448 586 vero
471 524 597 595 h'ahere.
623 523 777 587 adstruere
798 525 911 584 nititur
932 522 1046 587 Strabo
1065 523 1125 587 lib.
1147 545 1177 589 r.

136 650 169 711 p.
189 644 220 708 3.
239 627 260 690 l.
276 637 311 704 5.
345 641 377 699 ot
400 641 553 688 terrarum
578 626 691 688 orbem
716 646 823 688 verant
848 623 982 687 insulam
1012 625 1072 688 elle
1102 627 1180 690 indo

138 731 266 793 conficit
285 749 359 790 oum
380 728 546 791 Aristotele
561 729 601 789 de
617 729 739 789 mondo
755 748 820 808 cap.
842 740 872 805 5.
910 725 962 789 cf.
981 730 1078 789 etiarn
1095 726 1181 793 Plin.

142 850 174 904 ε,
196 832 254 905 67.
280 844 313 892 et
330 828 418 911 snpra
443 842 560 891 notata.
613 832 732 891 Veritas
753 829 852 890 hodie
874 827 944 890 satie
962 830 1098 899 constat,
1126 828 1182 893 etli

140 930 265 996 diverso
287 933 386 1015 longe
410 929 497 991 sensu
526 945 625 992 terrae
651 932 796 1016 cognitae
816 930 957 991 ambitur
979 933 1182 1017 intelligitur.

139 1036 207 1099 Suo
229 1047 335 1095 tamen
358 1034 445 1094 idem
460 1033 556 1094 etiam
572 1047 695 1094 veteres
713 1046 836 1093 tanturn
853 1035 1055 1096 nonnmnee
1072 1034 1184 1097 statue·

75 1134 78 1139 ’
138 1136 231 1206 bant,
260 1135 387 1196 indiciis
408 1134 536 1215 quidem
560 1135 667 1196 minus
689 1136 783 1195 certio
802 1147 855 1195 ant
877 1133 972 1200 fallio.
1001 1136 1099 1196 etiarn
1119 1136 1184 1218 opi·

139 1237 296 1300 ninnlbut
310 1237 408 1306 ducti.
428 1237 527 1317 qualis
543 1235 636 1298 eilde
650 1232 863 1318 mancupio,
886 1256 926 1298 ex
941 1255 1005 1319 quo
1021 1238 1059 1298 in
1073 1238 1184 1301 Eoum

139 1359 229 1402 maro
249 1336 374 1401 curium
398 1338 544 1422 agebant.
583 1335 635 1401 ef.
653 1351 686 1418 5,
710 1352 744 1413 7.
760 1337 806 1399 in.

218 1538 426 1625 quatuor)
481 1542 613 1603 Terram
644 1539 815 1603 habitatam
840 1542 961 1603 multon
986 1541 1025 1603 ab
1052 1542 1186 1607 Oceano

141 1645 281 1724 recipere
300 1640 382 1704 linus
399 1642 502 1704 scribit
517 1642 630 1706 Strabo
647 1643 701 1706 lib.
724 1661 755 1706 o.
773 1665 806 1727 p.
823 1654 882 1722 83.
900 1641 921 1705 l.
944 1662 1024 1705 ιρι.
1046 1663 1187 1725 quorum

140 1758 249 1806 tamen
270 1746 402 1805 maximi
425 1744 483 1806 lint
498 1758 651 1825 quatuor,
676 1764 756 1826 quot
774 1744 813 1803 lic
827 1742 983 1806 recenset:
1014 1765 1030 1806 a
1053 1744 1187 1827 septem·

140 1849 249 1907 trione
268 1830 419 1926 Caspium
436 1843 458 1908 l.
474 1847 670 1924 Hyrcanum,
697 1846 865 1907 ameridio
885 1847 1044 1917 Perlinutn
1066 1860 1101 1907 et
1117 1852 1188 1911 ltre-

48 1984 56 2003 .·
141 1945 263 2018 binum,
288 1962 435 2028 quartum
452 1967 537 2007 mare
556 1948 732 2010 internum.
783 1948 871 2010 Cum
886 1948 1042 2009 Strabone
1057 1948 1189 2011 cunien-

141 2051 231 2121 tiunt
250 2063 373 2131 praeter
391 2048 510 2110 Melam
525 2049 621 2110 etiam
643 2048 815 2128 Dionysius
834 2069 865 2110 v.
883 2059 931 2127 43
948 2046 1009 2130 sqq.
1038 2049 1188 2115 Aristide·

139 2152 178 2211 in
202 2150 339 2237 Aegypt.
361 2152 453 2229 ΤΑ.
476 2173 508 2233 p.
530 2162 614 2229 554.
633 2151 684 2214 ed.
709 2140 799 2212 l'ebb.
831 2149 979 2212 Priscian.
1003 2171 1037 2212 v.
1058 2163 1105 2231 53
1123 2150 1185 2235 [qq.

138 2252 287 2319 Avienut
311 2273 344 2314 v.
372 2252 419 2315 66
435 2249 498 2334 sqq.
553 2251 604 2315 Cf.
630 2252 820 2314 Plutarchus
847 2252 881 2312 in
909 2252 997 2314 Alex.
1029 2271 1097 2335 cap.
1125 2262 1186 2333 44.

139 2352 268 2434 Ampel.
283 2373 310 2416 n.
330 2365 363 2429 7.
381 2355 426 2417 in.
481 2353 565 2415 lllnle
585 2368 696 2417 autem
718 2351 869 2437 Caspium
889 2354 1083 2418 mareium
1102 2355 1188 2421 lint!

139 2453 300 2527 referunt,
329 2456 454 2538 dequo
476 2457 515 2516 nd
533 2470 566 2534 5,
587 2456 622 2532 5⁸.

309 2659 339 2736 §.
365 2666 402 2736 4.
453 2656 545 2719 Hoc
554 2655 572 2736 )
621 2657 791 2729 Vltimum,
816 2653 840 2720 i.
863 2678 891 2722 e.
909 2659 1188 2727 marointerutrm.

142 2760 313 2831 Ceterum,
347 2758 432 2841 quod
462 2762 526 2818 iam
557 2756 748 2821 Cincconins
782 2764 923 2832 notavit,
968 2775 1073 2823 torum
1100 2764 1189 2849 huno

141 2863 251 2923 locum
275 2863 419 2923 imitatus
440 2859 484 2922 est
506 2859 631 2920 Pttnttu
647 2871 682 2939 4,
705 2877 759 2922 ro.
778 2859 799 2922 l.
819 2872 874 2940 24.
901 2863 1017 2924 eodem
1045 2867 1189 2945 partium

144 2965 260 3026 ordine
281 2963 388 3026 verbio
409 2977 537 3022 tanturn
556 2962 683 3025 variatio
701 2963 758 3024 fic:
784 2964 930 3041 irrumpit
947 2999 998 3011 —
1023 2957 1190 3056 exspatia-

143 3078 200 3127 lur
224 3086 341 3148 aequor
372 3055 539 3155 rursusque
563 3065 596 3123 in
628 3076 735 3124 ortum
769 3066 834 3124 coit
859 3066 899 3126 de
925 3066 1129 3148 Propontide
1155 3081 1201 3133 et·

142 3166 300 3248 Bosporo,
325 3200 374 3215 -
401 3167 494 3247 louge
514 3156 701 3254 refugientis
725 3180 862 3243 occupat
885 3178 986 3227 terras
1011 3168 1051 3229 ‹le
1075 3170 1188 3235 Ponto

143 3270 284 3343 Euxino,
307 3297 353 3312 -
379 3266 484 3328 medio
496 3259 591 3356 strom
611 3267 755 3349 iungitur
774 3264 854 3362 (fiio
873 3268 1015 3332 Maeotii
1033 3269 1126 3334 lactu
1146 3270 1188 3337 do

141 3371 324 3435 Cimmerio
348 3369 506 3453 Bosporo.

218 3574 352 3636 decem
379 3570 578 3657 milibus)
627 3573 763 3641 Fortaffe
793 3592 834 3639 ex
865 3574 1019 3641 Cornelio
1045 3574 1189 3660 Nepote,

143 3697 239 3760 quent
255 3674 331 3738 alibi
347 3679 445 3739 etiam
461 3679 578 3751 laudat,
604 3675 617 3767 [
628 3694 659 3756 3.
678 3693 711 3758 5,
729 3692 763 3759 8.
784 3693 819 3740 et
833 3696 867 3760 9,
887 3675 942 3766 5.]
968 3679 1123 3743 lnmtum.
1151 3680 1191 3745 le

143 3783 231 3842 eninr
254 3796 285 3840 et
303 3781 342 3841 T.
359 3780 482 3849 Livius,
507 3774 596 3866 [vid.
614 3781 697 3844 Plin.
718 3794 749 3862 5,
773 3777 825 3867 r.]
852 3781 907 3840 ubi
929 3781 1107 3861 plurimum
1131 3800 1217 3871 ιο.ΙΙ

143 3882 192 3943 Μ.
217 3881 256 3944 P.
285 3896 393 3961 patere
418 3880 536 3943 fretum
564 3883 733 3955 dixerunt,
767 3881 825 3943 ubi
852 3883 1027 3942 minimum
1053 3881 1188 3963 [eptem.

141 3985 227 4064 quoti
251 3998 282 4043 et
305 3984 437 4047 Solinus
461 3978 510 4070 [c.
531 3985 588 4049 26.
607 3983 627 4048 s.
647 3981 726 4070 25.]
752 3984 893 4067 sequitur
914 3984 953 4043 tle
975 3999 1007 4055 7.
1030 3984 1186 4048 millibtto.

141 4085 320 4148 Martianus
340 4077 416 4171 [lib.
431 4087 465 4150 6.
492 4108 526 4173 p.
546 4107 594 4151 rn.
619 4081 725 4175 oon]
752 4087 808 4149 ubi
833 4088 1010 4149 minimum
1034 4086 1191 4171 quinque,
