2634 4716
262 424 619 485 utrumnum.
660 425 743 485 Lt.
786 425 920 485 uxtx.
962 422 1062 495 5¹3·
1123 419 1185 483 622

143 599 232 662 derat
253 599 494 670 Eratosthenea‚
519 599 595 662 teste
610 598 766 663 Strabone
788 619 842 663 rr.
866 619 937 684 pag.
957 608 1041 680 343.
1058 597 1079 662 s.
1096 598 1187 679 497.
1296 603 1298 607 '

141 720 160 762 a
183 700 302 783 Caspiis
322 700 419 772 sorte,
452 715 489 762 ut
511 703 641 782 quitiam
662 703 794 772 volunt,
827 705 944 785 portia,
972 715 1185 783 quaetamen

141 801 219 864 hinc
252 805 349 866 nimia
382 816 522 865 remotae
549 802 637 874 sunt,
678 803 701 863 si
729 800 886 865 caueatur
916 823 934 864 a
963 802 1121 866 Colchide
1142 802 1184 865 ari

143 903 293 986 Caspium
312 925 399 966 mare
415 904 608 969 extenditur.
660 905 698 966 ln
719 906 818 986 priori
838 904 911 967 loco
927 904 1184 967 Eratosthenes!
1218 907 1221 917 '

141 1004 346 1068 Dioscuriade
367 1008 507 1067 removit
524 1017 544 1082 5
563 1004 836 1077 dierumitinere,
863 1006 1066 1088 Hipparchus
1086 1022 1181 1071 tooo

140 1106 246 1170 stadiis
266 1106 290 1170 i.
313 1127 342 1171 e.
369 1122 411 1187 51
432 1108 611 1169 miliaribue
633 1107 840 1170 Germanicia.
869 1109 936 1170 .At
955 1108 1094 1169 multum
1119 1108 1184 1168 dia·

142 1222 248 1289 crepat
273 1208 475 1271 Ptolemaeus
495 1221 528 1286 5,
558 1223 613 1289 ιδ.
652 1210 707 1291 qui
734 1206 883 1291 Caspium
905 1223 1054 1273 montem
1087 1209 1184 1293 ponit

138 1309 225 1371 inter
238 1310 421 1373 Armeniam
437 1314 590 1372 maiorem
612 1321 645 1371 et
666 1310 828 1380 Mediam,
857 1323 891 1370 et
906 1311 946 1370 ad
968 1311 1100 1394 gradum
1117 1321 1181 1390 42.

138 1412 284 1472 extendit
298 1411 382 1472 haud
398 1413 507 1494 procul
522 1411 560 1472 ab
575 1412 739 1473 Artaxatie.
779 1411 878 1493 Quod
895 1411 1007 1473 Strabo
1023 1431 1040 1473 a
1058 1409 1181 1494 Caspiia

138 1511 263 1573 derivat
278 1531 409 1583 nomen,
435 1513 474 1572 ad
492 1513 632 1597 populor
648 1511 853 1576 commodius
867 1509 977 1575 reterri
998 1512 1111 1596 potest,
1137 1514 1180 1577 tle
1290 1508 1297 1519 ⁸

136 1613 254 1696 quibua
272 1615 360 1693 2115.
379 1623 412 1691 5.
430 1622 465 1695 4.

219 1714 447 1796 Coraxici)
496 1714 601 1777 Morio
622 1714 656 1775 in
681 1713 844 1798 iugulari,
878 1715 979 1778 morlo
1004 1716 1038 1777 in
1063 1715 1181 1799 plurali

136 1815 323 1879 efferuntur.
361 1815 421 1879 Illo
433 1836 451 1877 a
464 1816 573 1878 Plinio
589 1828 622 1893 5.
641 1831 699 1891 27.
722 1831 756 1876 et
772 1814 839 1896 ipso
856 1817 942 1878 Mela
960 1832 992 1890 3,
1010 1830 1042 1895 5,
1059 1818 1093 1881 6.
1113 1817 1180 1881 hoc

136 1917 276 1988 ePlinio
294 1917 328 1989 6,
349 1936 405 1979 ιο.
428 1916 515 1993 15.s.
532 1929 587 1993 ι3.
624 1916 755 1976 Nomen
772 1915 921 1978 habenta
937 1916 1077 1988 Coraxie.
1096 1937 1179 1999 quoe

136 2019 231 2099 ponit
250 2016 319 2099 post
341 2016 527 2078 Heniochus
542 2016 652 2092 Scylax
674 2035 744 2097 pag.
762 2029 821 2092 3¹·
837 2015 937 2079 Huds.
972 2016 1023 2080 Cs.
1041 2031 1074 2080 et
1090 2019 1178 2083 Mela

136 2120 173 2180 in
190 2116 232 2201 sq.
276 2101 369 2181 Unde'
388 2116 595 2199 intelligitur,
621 2135 676 2177 cur
698 2117 832 2178 iidema
854 2117 960 2178 Plinio
975 2118 1009 2189 6.
1032 2138 1086 2181 ιο.
1110 2118 1177 2179 He-

136 2220 260 2281 rrt'ocir‘r'
280 2220 377 2282 etiarn
401 2219 610 2299 adpellentur.
662 2216 742 2277 inde
768 2230 801 2276 et
832 2217 905 2279 fitur
930 2218 1026 2299 ipsius
1052 2223 1178 2285 montio

136 2319 213 2383 disci
235 2320 352 2405 potest,
378 2315 467 2401 supra
483 2316 739 2386 Dioscuriatlem.
770 2318 943 2399 quaeurba
963 2322 1081 2383 eratin
1104 2321 1176 2387 sini·

91 2448 94 2453 ·
137 2421 198 2484 bur
217 2422 478 2490 Heniochorum,
501 2417 635 2480 utinsra
656 2419 803 2479 adfirmat
822 2419 945 2483 Noster.
986 2423 1074 2481 Tum
1094 2438 1174 2486 vcro

134 2524 224 2615 idem
240 2523 283 2585 eli
299 2509 414 2609 Κόραξ
436 2513 509 2609 ὅρος
529 2521 707 2583 Ptolemaei
723 2531 756 2595 5,
777 2538 812 2599 9.
836 2520 874 2592 in*
891 2521 952 2584 hoc
973 2535 1073 2584 tractu
1094 2524 1175 2606 posi·

135 2637 218 2686 tum.
264 2622 377 2706 Neque
401 2637 510 2685 tamen
533 2622 573 2683 src
599 2621 746 2703 expedita
766 2640 816 2682 rea
839 2620 893 2684 est.
937 2624 976 2685 ln
999 2624 1060 2686 illis
1084 2626 1184 2689 enim

134 2724 303 2788 montibua
330 2726 408 2804 Cyri
433 2722 467 2784 u.
494 2723 600 2786 sontes
626 2724 773 2805 aperiunt
796 2736 957 2793 auctorat.
991 2740 1028 2787 ut
1056 2725 1173 2790 Nolier

135 2824 218 2889 inira
237 2842 269 2907 3.
287 2840 321 2905 5,
340 2828 373 2890 6.
406 2827 489 2888 Plin.
505 2824 538 2896 6.
567 2844 621 2889 ιο.
643 2839 675 2885 et
697 2838 750 2900 15.
771 2821 793 2886 s.
817 2838 872 2899 ιδ.
925 2825 963 2886 In
984 2829 1173 2907 quolialin

88 2942 92 2951 ’
136 2948 375 3010 comparemur.
402 2926 558 2989 enascitur
574 2924 753 2988 dissrcnltaa.
805 2925 856 2986 Ex
874 2925 930 2987 illo
946 2929 1033 2989 euim
1049 2928 1173 2993 Corace

133 3030 313 3095 Ptolemaei
327 3030 436 3091 nullus
454 3029 567 3101 exsiliit
582 3028 644 3090 hoc
660 3028 793 3089 nomine
808 3026 938 3097 fluviur.
960 3043 1004 3098 et,
1024 3032 1080 3111 qui
1094 3032 1172 3095 inde

134 3131 317 3201 deducitur.
341 3131 446 3193 Corax
464 3130 591 3199 florino,
617 3128 707 3211 supra
725 3125 965 3189 Dioscuriadem
979 3130 1013 3189 in
1028 3132 1173 3197 Pontum

107 3245 110 3249 ’
132 3230 254 3301 eslluit,
287 3251 359 3293 cum
382 3232 484 3309 Cyrua
507 3251 525 3290 a
543 3230 655 3293 Nostro
673 3243 705 3307 5.
725 3241 757 3304 5,
775 3231 808 3292 6.
833 3247 890 3310 per
907 3229 1013 3293 lberae
1036 3246 1069 3293 et
1089 3234 1172 3311 Hyr·

134 3353 230 3395 canor
250 3335 284 3393 in
307 3333 495 3410 Hyrcanum
522 3333 626 3392 linum
647 3333 828 3399 emittatur.
855 3329 996 3393 aPlinio
1017 3351 1044 3396 c.
1063 3353 1089 3396 c.
1108 3335 1129 3398 l.
1145 3335 1168 3398 l.
1271 3346 1274 3351 '

133 3436 170 3496 in
188 3455 275 3496 mare
291 3432 458 3514 Caspium,
485 3436 572 3513 quod
596 3434 637 3492 ad
660 3433 746 3492 idem
762 3432 902 3516 omnino¹
917 3433 1011 3496 redit.
1055 3434 1170 3517 Neque

132 3549 242 3598 tamen
265 3522 391 3598 diverso
412 3532 498 3595 sensu
522 3549 553 3595 et
576 3533 632 3593 usu
656 3535 742 3594 idem
767 3551 886 3593 nomen
908 3547 993 3595 recte
1016 3536 1170 3601 adhibere

132 3636 221 3700 Mela
241 3638 357 3720 potuit.
375 3696 377 3701 ,
410 3635 486 3714 Cyri
507 3637 605 3719 igitur
628 3636 738 3716 quaeri
758 3633 878 3695 debent
892 3631 1009 3705 suntet,
1033 3650 1072 3700 ut
1088 3636 1171 3720 ipso-

131 3758 204 3800 rum
239 3740 402 3800 montium
435 3737 564 3798 illorum
596 3737 669 3799 lituo
702 3733 923 3818 cognoscatur.
987 3736 1057 3798 lam
1088 3759 1168 3805 vero

130 3840 245 3904 Strabo
267 3860 321 3902 tt.
343 3859 373 3920 p.
392 3850 476 3919 344.
492 3837 514 3900 s.
531 3849 613 3914 5oo.
639 3838 714 3899 oriri
732 3840 853 3915 Cyrum
868 3835 947 3899 dicit
963 3838 997 3897 in
1015 3840 1168 3903 Armenia

131 3956 164 4005 et
183 3961 239 4024 per
263 3940 432 4001 Albaniam
455 3940 488 3999 in
514 3937 665 4021 Caspium
690 3955 777 4000 mare
796 3936 898 4008 elabi,
929 3957 1004 3999 cum
1026 3921 1168 4005 incursu

130 4042 330 4107 Arrabonem
354 4060 392 4103 ex
413 4038 555 4102 Caucaso
580 4040 705 4100 milium
733 4039 903 4121 exceperit.
948 4040 1109 4107 Plutarch.
1132 4045 1167 4107 in

129 4139 286 4227 Pompeio
307 4163 334 4205 c.
356 4152 414 4222 34.
438 4141 509 4220 (ubi
529 4132 654 4230 Κύρνος
670 4142 816 4217 vocatur)
838 4158 876 4202 ex
899 4139 1027 4206 ibericia
1049 4148 1166 4207 monti·

130 4248 190 4313 tus
210 4266 293 4312 eum
309 4244 448 4315 deducit,
477 4262 518 4309 ex
540 4240 684 4311 Caucaso
701 4254 815 4309 munte
828 4240 1038 4311 Ptolemaeur
1052 4256 1087 4325 5.
1109 4265 1165 4313 rc.
