2634 4716
143 400 147 407 ’
253 427 608 489 turonorum.
649 428 730 485 nr.
770 424 931 489 uxum·
972 425 1053 498 tn
1114 436 1179 503 ιη
1235 392 1242 401 ’

134 601 296 686 deleriplit
313 602 483 688 Agathino,
515 604 585 666 eiua
607 601 786 694 alumnus.
801 602 873 665 init.
898 601 937 663 ad
957 598 1034 664 oliia
1049 598 1178 679 Pythici
1224 612 1226 617 '

136 707 260 775 amnia.
302 706 357 787 qui
382 725 422 767 ox
448 705 552 786 Lydia
577 703 739 785 profluent
761 702 792 766 se
816 705 851 767 in
877 702 979 765 linum
1002 703 1177 785 Elaitioum

133 820 300 871 exonerat.
352 807 509 890 Pythicas
536 819 646 867 autem
669 801 707 868 ft.
733 804 777 869 eil
806 804 924 869 Caicus
946 804 1000 867 vel
1025 816 1177 885 corrupte
1230 800 1246 863 ¹.

130 909 296 992 prolator,
327 908 381 969 vel
404 909 445 971 iic
470 927 545 971 vare
577 906 827 991 cognominatae
850 905 891 970 ab
919 906 1083 989 Apolline,
1118 907 1176 987 qui
1248 970 1251 975 ,

136 1008 271 1090 Grynii,
296 1012 331 1070 in
346 1008 495 1089 Myrinae
510 1010 647 1078 vicinia.
672 1006 785 1072 funum
802 1006 942 1072 habebat
957 1021 990 1071 et
1006 1006 1175 1071 oraculum

134 1123 242 1175 vetur.
268 1111 401 1174 Portum
416 1111 787 1190 monotanrstzytaxcl.
804 1124 836 1172 et
845 1110 960 1174 Strabo
973 1123 1028 1189 13.
1044 1130 1075 1191 p.
1085 1118 1172 1190 427.

133 1210 158 1276 l.
175 1212 261 1277 622.
311 1213 430 1274 Terrae
450 1225 544 1273 motu
558 1231 633 1273 cram
649 1212 719 1275 aliia
734 1211 823 1274 Altae
837 1212 970 1275 urbibut
988 1211 1174 1294 conlapsam
1213 1212 1217 1223 '

137 1312 264 1381 adiurit
285 1314 453 1384 Tiberim,
483 1316 628 1392 (Tacitus
652 1313 765 1380 donal.
786 1328 820 1385 u.
847 1324 907 1396 47.
943 1314 1110 1393 syncellus
1138 1316 1173 1375 in
1246 1338 1248 1343 ·
1277 1334 1280 1343 ·

133 1415 260 1479 Chron.
286 1435 319 1497 p.
344 1424 429 1497 254.
451 1416 546 1493 Van.)
577 1415 647 1497 poll
665 1416 835 1481 Traianou.
868 1414 1019 1494 (Orofiua
1037 1430 1072 1490 7,
1094 1418 1171 1494 ιο.)
1242 1458 1246 1469 .

132 1516 346 1581 Instauratam
376 1518 475 1579 etiam
502 1514 608 1588 inille,
647 1516 858 1600 posteriorum
885 1530 1051 1578 auctorum
1073 1516 1114 1579 ‹la
1134 1535 1174 1579 eu

134 1620 339 1683 narrationes
363 1617 512 1700 probant.
565 1619 664 1701 Quod
681 1637 758 1681 vero
780 1619 916 1698 primam
934 1615 1056 1680 urbium
1077 1634 1175 1681 vocat

135 1720 242 1793 Mela,
283 1721 315 1781 id
343 1716 593 1801 antiquiffimam
629 1721 698 1783 einr
728 1719 889 1804 originem
915 1719 1053 1803 spectaro
1079 1731 1176 1801 putat

136 1821 293 1885 cellarius
318 1823 352 1882 in
379 1822 498 1905 Geogr.
521 1836 588 1886 ant.
611 1835 644 1901 3.
669 1836 701 1900 3.
723 1837 782 1897 70.
836 1822 934 1886 Certo
959 1821 999 1882 ad
1025 1822 1174 1884 ordinem

137 1920 213 1983 fitur
235 1920 343 1985 referri
365 1941 432 1982 non
455 1922 541 2004 polle
564 1923 710 1992 ridetur,
741 1942 815 1985 cum
838 1941 857 1983 a
879 1922 1027 1985 Phocaea
1045 1922 1173 2001 Cymen

134 2025 277 2105 primam
293 2021 352 2083 elle
372 2019 445 2087 satia
459 2022 591 2085 constat.
626 2021 761 2106 vestigia
784 2024 854 2084 eiua
875 2024 908 2085 h.
926 2040 992 2084 non
1010 2025 1174 2107 reperiun-

135 2134 198 2187 tur.
235 2122 418 2186 Pooockiua
437 2124 472 2184 in
493 2121 610 2193 tabula
627 2121 716 2187 duaa
738 2123 872 2187 minoris
896 2122 1043 2207 adposuit
1068 2123 1171 2208 priseo

110 2304 113 2309 Ι
135 2226 264 2288 nomini
286 2223 429 2287 Surtdult'.

215 2374 445 2460 Oenomao)
493 2379 544 2440 De
557 2397 624 2461 quo
637 2376 741 2441 rurlua
755 2375 949 2443 memorabit
962 2376 1018 2443 lib.
1036 2395 1069 2441 2.
1092 2396 1119 2441 c.
1137 2389 1174 2457 3.

135 2470 187 2569 [§.
206 2471 262 2564 4.]
289 2479 345 2540 ubi
359 2479 457 2542 etiam
475 2481 602 2542 notavit
619 2481 745 2552 locum,
766 2478 824 2542 ubi
839 2483 996 2567 regnarit.
1032 2477 1175 2542 Nolebat

90 2602 93 2607 ·
135 2578 235 2642 liliam
260 2572 554 2667 [Hippodamiam]
575 2594 715 2665 nuptum
732 2582 823 2652 dare.
847 2582 906 2644 nist
925 2583 987 2655 illi¹
1013 2582 1070 2665 qui
1091 2579 1174 2645 auri·
1287 2648 1289 2653 Α

131 2682 245 2767 ¹gando
266 2680 369 2764 ipsum
391 2681 528 2754 vicillet.
561 2684 648 2767 quod
668 2681 743 2747 fucit
766 2682 900 2767 Pelops,
933 2684 1065 2746 Tantali
1080 2684 1173 2752 filino,
1231 2716 1238 2733 .

138 2797 290 2866 corrupto
313 2784 381 2845 einr
406 2785 532 2869 auriga.
567 2800 606 2848 ut
630 2798 790 2847 everteret
814 2805 953 2849 currum.
988 2798 1025 2849 r.
1042 2802 1173 2848 oaouo·

136 2904 215 2947 vive
230 2884 306 2948 MS.
358 2884 507 2949 Celebrer
530 2880 601 2947 lunt
622 2886 695 2946 illae
711 2886 863 2968 nuptiae,
889 2889 1086 2971 omninoque
1105 2898 1175 2948 tota

135 2984 217 3073 haec
232 2987 383 3057 narratio.
406 2988 472 3058 etti,
494 2988 578 3073 quod
597 2986 684 3058 solat.
711 2988 798 3048 rarie
814 2986 959 3052 refertur.
999 2989 1072 3052 vid.
1087 3005 1177 3071 prae·

136 3096 187 3150 te'r
204 3106 269 3158 eoa,
293 3109 371 3171 quoa
384 3089 495 3149 laudat
511 3090 624 3165 Heyne
643 3090 683 3149 ad
698 3088 884 3170 Apollodor.
903 3107 935 3160 u,
952 3100 987 3173 lp.
1007 3106 1040 3154 Ω.
1076 3086 1176 3171 Hygi·

136 3208 198 3250 nus
214 3187 277 3251 fab.
295 3199 355 3268 84.
382 3189 565 3253 Eussathiui
579 3190 620 3252 ad
631 3190 765 3251 Homer.
775 3188 812 3253 11.
827 3206 860 3261 Ω,
882 3201 962 3271 rotp.
980 3213 1011 3275 p.
1025 3212 1070 3254 m.
1092 3210 1103 3250 ι
1113 3205 1172 3269 39.

138 3290 333 3375 Salragniua
349 3291 388 3352 ad
410 3280 522 3353 Ovidii
545 3292 618 3353 lbin
640 3312 671 3352 v.
689 3291 773 3370 567.
790 3289 810 3353 l.
836 3305 870 3354 et
891 3295 946 3375 qui
966 3293 1176 3377 prolixiorem

134 3391 385 3476 descriptionem
405 3411 443 3453 ex
464 3392 534 3455 MS.
552 3390 650 3455 Parii.
672 3389 862 3476 descriptum
882 3394 972 3457 dedit
992 3393 1176 3456 Bantluriua

137 3492 175 3554 in
191 3492 365 3556 comment.
374 3495 408 3554 in
422 3495 543 3577 antiqu.
554 3492 832 3578 constantinopol.
847 3495 903 3559 lib.
916 3511 948 3576 3.
958 3518 990 3579 p.
1000 3497 1083 3582 496.
1094 3496 1175 3558 Ven.

139 3593 280 3666 Poetae,
309 3596 396 3677 quod
414 3613 471 3678 par
492 3607 577 3666 erat,
608 3614 675 3658 non
699 3592 800 3656 totum
823 3597 1019 3659 carminibur
1040 3595 1178 3660 celebra·

138 3709 228 3768 runt,
252 3709 289 3757 ut
301 3696 458 3758 Pindarus
475 3695 605 3779 Olymp.
628 3714 658 3760 t.
682 3695 824 3777 Ovidiuu
838 3719 865 3760 c.
880 3698 901 3761 l.
921 3696 974 3761 iad
989 3710 1022 3759 et
1036 3699 1069 3761 in
1084 3696 1177 3760 scena
1245 3688 1252 3702 ’

137 3798 376 3881 produxerunt,
408 3809 445 3859 ut
475 3796 667 3878 Sophoclea,
697 3797 867 3882 Euripiden
892 3819 932 3863 ex
959 3800 1103 3870 Graecia,
1137 3819 1178 3863 ex

138 3896 265 3962 Latinio
282 3899 398 3964 Attiur.
433 3898 507 3964 Vid.
521 3898 697 3960 Burmann.
714 3900 754 3961 ad
772 3899 871 3964 Orid.
886 3900 979 3964 Trio.
997 3917 1031 3973 2,
1047 3912 1133 3981 385.

216 4041 442 4143 reuersus
450 4050 471 4134 l
519 4048 646 4136 Nempe
670 4020 789 4136 Pelops
810 4051 934 4128 Pilam,
967 4025 1178 4138 Peloponneli

139 4153 271 4228 urbem.
305 4153 436 4242 regitur
445 4152 606 4223 Oenomai
624 4151 749 4228 ledam.
780 4157 891 4228 veuit.
915 4158 1177 4243 eamque..vioto
