2634 4716
44 368 49 376 ’
100 410 103 422 ·
134 406 174 454 m
399 393 570 453 noran
610 392 918 478 uxr-:carrera

136 569 353 655 fragmentum
371 567 415 630 est
436 589 470 651 p.
492 576 553 647 4ο.
582 562 636 656 [p.
659 563 844 649 lei-11³⁰&
875 564 897 630 l.
924 584 991 649 cap.
1015 559 1096 651 gn]
1123 558 1183 649 τῆς

139 667 217 758 ὅλης
235 667 420 760 οἰκουμένης
438 665 468 732 ἐν
488 667 641 759 τέτταρσι
663 665 897 756 κυκλιζομένης
915 665 1039 756 μέρεσι,
1065 664 1185 731 ἄνατο-

140 771 201 859 λῆς
223 770 318 857 λέγω,
346 764 475 850 δύσεως,
501 765 629 860 ἄρκτου
648 766 703 834 καὶ
726 766 939 858 μεσημβρίας.
978 772 1051 834 Vid.
1073 769 1182 833 Schol.

140 878 175 939 in
193 876 322 937 Homer.
342 873 450 952 Odyil.
469 889 503 945 2,
523 893 553 937 1.
589 895 612 938 1.
632 892 839 935 onouovrve.
889 873 937 934 Er
959 871 1010 935 hie
1031 873 1185 955 partibus,

142 979 227 1061 quod
244 989 276 1039 et
289 977 412 1037 Gellius
429 991 463 1046 2,
481 990 541 1037 22.
561 988 662 1044 notat,
688 976 769 1037 duae
785 973 855 1034 lunt
871 973 1007 1036 mobilee
1021 989 1054 1036 et
1069 975 1186 1042 variae,

144 1094 236 1143 ortua
253 1093 284 1140 et
298 1075 431 1145 occasus,
455 1078 528 1159 quia
544 1074 587 1138 iol
602 1096 668 1139 uon
686 1077 832 1137 indidem
850 1075 974 1159 [emper
992 1079 1103 1145 oritur,
1129 1092 1188 1135 ne·

145 1202 207 1264 que
224 1183 257 1241 in
274 1181 415 1240 eundem
437 1177 558 1260 semper
577 1179 684 1240 locum
702 1180 796 1240 cadit.
849 1180 934 1239 lude
945 1197 1024 1239 vero
1040 1198 1098 1258 per
1114 1177 1190 1238 loti·

87 1352 95 1362 ἡ
146 1284 223 1345 dem
238 1281 352 1341 mundi
369 1293 488 1362 parter,
513 1280 601 1360 quod
622 1275 703 1340 dicit
723 1281 848 1342 Plinius
865 1295 898 1347 2,
913 1281 974 1358 46.
991 1278 1012 1341 l.
1028 1291 1089 1358 47.
1114 1296 1193 1360 que·

146 1397 225 1446 tuor
247 1383 326 1442 olim
349 1394 465 1444 ventos
485 1381 705 1465 designarunt.
738 1383 793 1462 qui
814 1384 925 1443 eadem
949 1383 990 1443 de
1012 1379 1099 1442 causa
1120 1378 1193 1460 post

38 1515 44 1529 =
147 1485 232 1548 rucri
256 1483 327 1543 lunt
349 1500 497 1544 numero.
536 1483 607 1545 Vid.
629 1501 710 1563 quae
730 1483 771 1544 de
787 1484 826 1545 iia
842 1484 982 1544 conlecta
1001 1485 1090 1543 dedit
1108 1484 1194 1562 Kap-

148 1588 222 1669 piuu
240 1588 273 1645 in
289 1581 419 1646 excursu
440 1597 472 1663 3.
494 1582 532 1643 ad
548 1584 705 1645 Aristotel.
729 1584 769 1644 de
786 1587 911 1645 mundo
929 1605 962 1666 p.
981 1586 1050 1662 367
1070 1583 1133 1664 sqq.
1159 1595 1196 1644 et

35 1727 42 1738 ·
83 1746 89 1764 ,
150 1688 230 1750 olim
249 1687 374 1749 Plinius
389 1704 417 1747 c.
438 1685 460 1747 l.
485 1698 608 1765 praecor
630 1685 726 1755 alioe.
750 1685 819 1767 poll
834 1686 1020 1747 Vincentius
1045 1685 1196 1746 Bellova-

152 1788 249 1851 ceusu
271 1789 305 1847 in
326 1785 522 1847 bibliotheca
542 1785 660 1846 Mundi
679 1787 719 1848 T.
733 1802 770 1848 ἰ.
793 1787 847 1848 lib.
864 1796 900 1865 4.
923 1805 949 1848 c.
969 1797 1017 1866 34
1030 1785 1093 1867 qu.
1119 1807 1195 1870 pag.

153 1902 225 1966 255
248 1889 309 1969 [qq.
363 1889 412 1950 Ab
436 1889 475 1950 iis
497 1887 568 1967 ipfie
591 1889 699 1948 ventio
721 1884 808 1968 saepe
831 1886 914 1970 ipfae
937 1890 1012 1950 caeli
1032 1886 1054 1950 l.
1077 1888 1197 1948 mundi

151 2005 255 2074 parire
276 1990 474 2060 indicantur,
500 1989 589 2067 quod
605 2001 638 2049 et
655 1987 759 2050 nostor
776 1986 887 2072 prffim
905 1987 988 2053 facit.
1040 1989 1198 2052 Ceterum

152 2093 226 2153 illae
247 2103 357 2170 partes
372 2102 527 2150 vocantur
542 2088 581 2150 ab
603 2089 671 2152 aliie
691 2092 786 2152 eliam
805 2091 930 2162 limites,
958 2091 1099 2172 regiones
1118 2089 1199 2151 coeli

151 2193 295 2273 (Gellius
309 2213 336 2256 c.
352 2193 395 2271 l.)
416 2191 561 2252 cardines
581 2190 692 2253 mundi
712 2191 943 2277 (Quinctilium
965 2209 1020 2266 12,
1040 2212 1096 2264 ιο,
1113 2187 1199 2277 67.)

152 2292 271 2378 plagae
289 2294 374 2358 coeii.
402 2294 525 2374 (Cicer.
535 2294 581 2358 ‘de
597 2295 711 2358 Dicin.
734 2311 765 2366 2,
788 2309 843 2376 13.
868 2296 1010 2372 etalii.)

231 2483 359 2524 nuncu
366 2462 523 2546 patrer)
566 2464 705 2531 Verbum
728 2462 938 2542 nuncupandi
958 2461 1054 2524 refert
1067 2463 1200 2527 Tulliue

154 2564 196 2629 de
221 2560 310 2627 orat.
329 2579 360 2641 3.
380 2576 438 2643 38·
464 2566 548 2625 inter
571 2564 667 2647 prisca
693 2565 889 2632 novemilia,
922 2582 1005 2642 quae
1032 2576 1200 2641 poetanrm

59 2655 62 2663 ¹
156 2666 301 2728 licentiae
319 2663 465 2725 liberiore
485 2656 562 2753 effi,
588 2685 684 2747 quam
709 2660 897 2725 Oratoribus
919 2664 979 2733 ait;
1005 2654 1068 2753 sed
1090 2678 1201 2728 tamen
1246 2708 1249 2713 -

157 2787 234 2830 raro
262 2762 375 2827 habere
403 2767 500 2826 eciam
532 2767 568 2826 r'n
598 2768 744 2826 oratione
772 2765 898 2844 poetica
931 2760 1027 2824 verba
1056 2765 1201 2848 aliquam

68 2860 73 2871 ’
157 2868 361 2945 diarritatern.
391 2900 438 2918 «-
491 2867 533 2928 At
554 2867 758 2948 Pomponius
779 2863 866 2945 iaepe
887 2863 950 2925 hoc
970 2867 1069 2927 verbo
1087 2870 1201 2941 utitur,

157 2983 197 3031 ut
220 2971 296 3030 hinc
318 2978 474 3050 appareat.
512 2980 632 3048 quanto
660 2967 760 3027 orario
788 2966 934 3026 Tulliana
966 2968 1141 3050 elegantior
1164 2971 1209 3042 in¹

91 3107 95 3122 r
157 3070 223 3133 boc
248 3083 438 3155 argumento
464 3065 567 3130 lutura
594 3067 700 3131 luerit.
743 3086 937 3130 nvunernu.
1010 3071 1051 3130 At
1085 3069 1203 3134 diserte

123 3213 129 3241 .
157 3171 292 3238 Cicero:
328 3191 391 3232 non
405 3163 553 3261 fugerim
576 3169 685 3239 dicere,
719 3189 832 3250 neque,
861 3173 946 3251 quod
961 3171 997 3231 iu
1018 3172 1087 3234 aliie
1110 3173 1202 3247 locis,

159 3288 195 3339 et
209 3275 262 3336 lric
279 3272 419 3358 sugillet,
446 3273 613 3338 addicente
632 3270 784 3334 crebriori
800 3269 869 3334 ulu.

235 3455 350 3505 ortas
357 3440 377 3524 )
410 3437 525 3505 Parum
541 3442 638 3503 eriam
653 3454 792 3513 exortus,
814 3443 864 3503 uti
878 3443 959 3525 opud
975 3443 1117 3505 Gellium
1133 3464 1160 3507 c.
1175 3445 1201 3511 l.

160 3544 217 3608 ubi
244 3547 340 3607 eliam
367 3533 619 3635 septentriones.
651 3546 742 3628 ¹quod
773 3558 897 3627 praeter
922 3546 1063 3611 nostrum
1090 3559 1121 3606 et
1148 3548 1204 3608 alii

159 3645 383 3728 frequentant,
409 3659 442 3707 et
459 3645 713 3710 omniaomnia
730 3647 813 3708 nolio
833 3647 955 3710 Mssris
971 3646 1204 3711 Grammaticae

94 3786 99 3795 ,
160 3750 280 3824 rationi
294 3746 572 3808 'accommodatius
592 3760 693 3830 putat.
745 3749 797 3810 Sic
820 3749 944 3809 Plinius
966 3764 998 3819 2,
1022 3765 1081 3828 79.
1099 3748 1120 3810 l.
1141 3764 1202 3828 77,

163 3861 294 3912 exortas
315 3848 416 3920 dixin
441 3849 520 3908 item
539 3862 648 3911 ructor
667 3849 706 3911 ad
724 3849 925 3911 Herennium
942 3862 973 3929 3,
991 3865 1050 3913 22.

175 4018 180 4033 ¹
240 4014 455 4099 decurrit)
505 4017 583 4080 ldeo
608 4020 651 4080 ait
676 3983 833 4089 ananie,
863 4019 949 4099 quod
978 4019 1092 4090 nobie,
1126 4023 1204 4085 cirre

29 4120 33 4135 ¹
78 4131 88 4155 ⁸
164 4118 428 4205 aequinoctialem
461 4117 503 4181 ad
534 4120 670 4183 multam
702 4120 908 4183 latitudinem
942 4120 1022 4196 fitis,
1062 4122 1211 4189 derexue

399 4352 521 4408 Δ
