2634 4716
205 374 271 441 raa
479 365 641 449 noran
681 354 990 425 araonrrc'aa

206 542 317 630 phano
332 540 422 605 iuxta
436 538 662 604 Alexandriam
676 538 779 625 ponit.
801 559 817 599 a
832 559 893 621 qua
908 552 1016 603 tannen
1031 538 1160 603 Pliniua
1173 552 1210 619 5.
1230 539 1267 605 6.

206 657 358 711 removet
378 644 446 709 deo
463 640 513 706 M.
529 642 568 706 P.
592 656 627 707 et
643 661 683 703 ex
698 660 739 705 eo
756 640 933 703 Martianus
949 643 981 705 6.
1000 662 1032 724 p.
1050 657 1137 716 217.
1176 642 1268 705 Hinc

208 761 245 810 et
264 746 385 810 Statius
403 744 512 808 'l'heb¹
527 757 560 821 5.
583 760 638 808 ιε.
659 743 893 805 Paraetoniam
910 742 1025 804 Nilum
1047 743 1141 808 dixit.
1176 743 1268 805 alibi

210 848 347 913 Orofiua
367 849 422 927 (6.
443 848 521 927 19.)
548 847 686 928 primam
705 845 848 929 Aegypti
864 864 881 905 a
899 844 1018 924 Libyae
1041 858 1130 927 parte
1152 844 1268 909 civita·

197 962 280 1031 ‘tem
295 949 451 1035 adpellet.
477 962 510 1011 et
524 948 557 1019 6,
579 965 635 1027 ¹9·
655 948 722 1010 dno
739 936 882 1032 Aegypti
893 966 1013 1043 pornua
1028 944 1105 1009 iacit
1117 947 1268 1017 Paraeto-

210 1055 307 1117 nium
323 1067 357 1114 et
371 1050 544 1120 Peinfium.
568 1062 607 1111 ut
624 1049 737 1112 Florae
749 1056 786 1131 4.
805 1067 860 1120 tr.
873 1068 908 1129 9.
943 1049 981 1111 sn
998 1048 1099 1130 Libya
1114 1051 1269 1136 Aegypto

212 1144 449 1217 nonterminam
463 1165 590 1235 ponunt
606 1152 704 1213 etiam
721 1142 862 1215 Ptolem.
879 1160 914 1231 4.
933 1161 967 1228 5.
995 1151 1134 1215 Diodor.
1154 1170 1186 1225 r.
1205 1166 1266 1232 31.

212 1256 259 1318 in.
286 1256 321 1315 in
345 1251 493 1315 inferiori
514 1252 616 1333 Libya
640 1252 806 1337 Hieronica
827 1272 859 1334 p.
878 1267 897 1327 7
904 1265 968 1336 33..
987 1265 1021 1331 et
1039 1251 1178 1337 libyam
1200 1254 1268 1315 Po·

212 1356 392 1419 turoniam
419 1351 516 1415 habet
550 1353 733 1436 Stephanne
759 1351 779 1415 s.
807 1374 840 1415 v.
874 1347 1036 1442 Ἀρσινόη.
1074 1352 1095 1413 st
1121 1374 1198 1417 vera
1225 1354 1271 1419 est

190 1457 319 1521 ‘lectim
379 1455 467 1517 Ultra
490 1453 742 1516 Catabathmum
766 1453 801 1514 in
825 1453 926 1535 Libya
949 1454 1131 1519 Mareotide
1156 1456 1271 1541 prodit

211 1558 299 1642 apud
323 1555 408 1629 Plio.
427 1567 463 1632 5.
483 1554 519 1618 6.
535 1556 582 1618 in.
613 1567 648 1617 et
671 1567 730 1633 36·
749 1553 843 1632 18.s.
861 1557 897 1620 6.
923 1555 1108 1640 simpliciter
1125 1558 1210 1622 odeo
1232 1558 1270 1621 in

213 1660 374 1744 Aegypto.
424 1655 572 1740 Longius
594 1652 716 1718 aberrat
735 1655 882 1719 Lucanus
901 1670 934 1738 5.
951 1672 1038 1741 295.
1068 1660 1127 1742 qai
1147 1660 1272 1723 Paru-

205 1762 325 1843 tonios
341 1759 450 1842 Syrtes
465 1760 572 1827 novit.
598 1758 754 1819 nimirum
765 1758 838 1840 quia
849 1760 958 1839 Syrtes
974 1760 1109 1845 propina
1116 1746 1272 1849 Aegypto

213 1850 339 1946 iungit.
366 1861 416 1921 nri
432 1871 467 1937 g.
482 1867 570 1940 444.
588 1874 622 1921 er
636 1867 723 1940 540.
763 1859 837 1922 snit
852 1862 949 1947 igitur
968 1863 1002 1924 in
1019 1860 1140 1943 Libyae
1159 1877 1196 1927 et
1208 1863 1272 1928 da·

214 1963 308 2049 gypti
330 1963 492 2032 confinio,
518 1974 553 2023 et
572 1961 720 2044 Aegypto
740 1962 849 2032 datur,
875 1963 965 2048 quod
988 1964 1142 2049 Aegyptii
1162 1962 1195 2029 se
1217 1962 1274 2047 ht·

214 2066 296 2129 locia
314 2060 574 2133 immiscuerunt.
601 2074 638 2123 ut
656 2064 753 2127 docet
770 2063 942 2136 Berenice.
968 2063 1091 2148 aliaque
1111 2087 1152 2130 ex
1171 2066 1274 2131 rebar

215 2165 366 2237 civilibus
386 2164 584 2247 populorum
606 2164 654 2225 ad·
667 2165 896 2249 geographiam
918 2167 1079 2230 tranalata.
1129 2166 1216 2231 Nam
1237 2184 1274 2233 et

216 2256 323 2353 posita
348 2266 513 2351 Aegyptua
536 2267 703 2349 provincia
725 2264 840 2330 diserte
867 2268 899 2328 in
927 2268 1134 2332 Schonhovii
1156 2268 1274 2333 libelio

215 2369 457 2453 provinciarum
478 2388 511 2448 p.
530 2387 575 2429 m.
596 2366 678 2442 767.
695 2360 729 2430 ¹a
752 2368 853 2446 Libya
882 2367 974 2441 sicca.
1004 2390 1085 2452 quae
1109 2370 1190 2433 haee
1214 2370 1273 2445 eii.

216 2469 386 2553 separatur.
426 2467 474 2528 sta
492 2476 576 2528 vero·
586 2465 619 2525 in
637 2467 841 2530 Catabathmi
865 2468 923 2530 snu
946 2472 1143 2543 fluctuantur
1160 2487 1274 2545 racto·

215 2592 284 2641 rea,
310 2570 351 2631 de
366 2585 431 2651 quo
446 2565 486 2628 os.
505 2567 659 2628 Cellarioa
675 2567 709 2627 in
727 2567 846 2653 Geogr.
862 2586 929 2634 ant.
944 2582 979 2654 4.
1000 2591 1032 2643 o.
1048 2581 1084 2656 4.
1133 2574 1177 2636 dt
1193 2593 1273 2637 oum

179 2754 181 2759 Ι
215 2689 332 2736 omnee
364 2670 445 2730 nitra
475 2666 710 2731 Catabathmon
736 2669 920 2755 Aegyptum
953 2671 1064 2736 versuo
1089 2673 1274 2750 ostendant.

219 2786 331 2836 eontra
369 2769 628 2855 Geographicnm
661 2770 811 2832 ordinem
842 2773 979 2854 peccasse
1011 2773 1097 2837 Mela
1127 2777 1274 2850 videtur.

219 2890 318 2958 quem
341 2887 379 2935 ut
399 2883 597 2941 revocarent.
627 2883 793 2933 tentarunt
815 2856 874 2935 hio
888 2874 1111 2946 Gotaeoninm.
1140 2878 1276 2961 dequo

219 2978 254 3039 in
278 2975 364 3037 notia
383 2973 453 3035 crit.
505 2973 543 3035 ln
561 2971 720 3035 hodierno
737 2974 834 3036 etiam
851 2977 985 3039 nomine
1002 2974 1212 3053 dissentiunt.
1238 2994 1277 3045 ot

84 3132 89 3155 .,
212 3076 371 3142 adferunt
386 3076 500 3159 Ram,
523 3071 684 3146 Alienon.
709 3073 888 3141 Baretoun.

298 3276 445 3363 urbes)
496 3278 561 3342 Hae
579 3276 720 3342 recenset
736 3298 873 3343 numero
891 3281 1045 3365 quinque.
1066 3298 1106 3345 ut
1119 3284 1159 3347 src
1174 3260 1275 3351 tacite

222 3382 349 3475 probet.
379 3382 465 3443 iilam
489 3383 657 3466 regionem
669 3372 876 3467 'Geographia
900 3385 1019 3446 dictam
1043 3383 1132 3448 suiffe
1153 3388 1275 3449 Penta·

172 3486 176 3495 '
221 3485 331 3568 posin.
362 3484 449 3564 qnod
467 3502 505 3544 ex
526 3483 588 3543 hoo
605 3502 744 3546 numero
762 3485 910 3569 contigit.
961 3488 1021 3548 Eaa
1039 3486 1104 3549 sere
1124 3489 1275 3553 conditae

224 3585 285 3648 eise
300 3586 356 3646 illo
375 3598 537 3666 tempore.
563 3603 628 3666 quo
642 3581 705 3645 suit
721 3585 846 3663 Cyrene
863 3583 918 3647 sub
934 3588 1096 3672 Aegypto.
1123 3605 1274 3673 tempore

224 3686 498 3756 Ptolemaeorum.
520 3686 639 3748 docent
654 3686 786 3749 nomina
804 3688 958 3768 priorum,
982 3702 1015 3750 et
1030 3691 1139 3753 omnia
1151 3690 1275 3757 Graece

226 3801 260 3852 et
288 3806 328 3850 ex
353 3788 470 3869 paiatio
490 3788 689 3850 Ptolemaiou
718 3786 868 3870 prosecta.
921 3808 945 3851 1.
971 3808 1168 3854 ononovrve
1190 3793 1272 3858 MS.

227 3890 298 3952 Vid.
317 3888 432 3949 Strabo
452 3900 507 3960 17.
523 3908 554 3970 p.
568 3898 652 3972 544.
664 3887 685 3951 s.
698 3903 783 3969 791.
810 3890 895 3953 Plin.
913 3904 947 3967 5.
964 3904 998 3969 5.
1025 3892 1163 3958 Ptolem.
1182 3904 1219 3977 4.
1234 3906 1275 3975 4.

226 3990 368 4053 Eustath.
386 3989 420 4050 in
436 3988 568 4067 Dionys.
585 4011 618 4053 v.
632 4004 714 4070 213.
730 3992 843 4054 etalii.
874 3988 1152 4083 Hevranoittn'vty
1168 3991 1279 4086 χώρα

227 4087 322 4182 ὀλίγῃ
338 4104 472 4156 rotatur
487 4078 523 4155 in
538 4105 646 4158 vetere
664 4091 750 4183 orbie¹
767 4090 978 4179 descriptione
995 4114 1060 4179 cap.
1071 4108 1133 4178 55.
1165 4096 1278 4183 Libya
