2634 4716
233 344 587 414 retroneum.
628 355 710 413 nr.
753 350 845 410 ott
888 350 967 423 le·
1072 354 1126 425 ser

113 520 167 583 iue
197 540 321 587 nomen
346 525 470 589 ducunt
494 529 546 588 rel
568 548 585 590 a
608 527 746 590 Maeona
767 546 842 611 rege
866 524 1054 615 (claudian.
1084 525 1120 587 in
1208 509 1210 513 ¹

114 636 210 706 ttrop.
237 643 268 695 a.
296 636 379 706 244.
422 629 564 692 Eullath.
590 630 628 690 ad
653 630 786 692 Homer.
815 630 853 691 ll.
879 644 913 701 2,
940 629 1025 707 864.
1049 620 1120 709 ·-)

113 723 310 788 leMaeone
330 728 443 801 fluriO,
464 731 637 814 (stephan.
655 731 687 792 h.
706 733 761 809 v.)
786 749 882 814 quem
906 728 1118 791 Maeandrum

113 825 124 885 l
142 826 220 895 ,Lud
237 828 453 894 Phoenicibus
471 830 560 895 inille
579 845 671 915 putat
691 832 871 895 Bochartue
893 833 929 895 in
944 831 1065 913 Phalcg
1086 847 1118 901 c,

113 945 131 992 t.
168 928 327 994 l'ollerine
347 932 435 1015 Lydi
459 935 511 996 vel
534 955 550 995 a
573 935 684 1017 Lydo,
709 934 834 1017 Athyoe
857 934 941 1001 lilio.
968 932 1024 1015 qni
1043 950 1115 994 eant

113 1029 234 1113 nonem
256 1017 697 1119 1e111111,'(rre10a0t.cc.lt.
727 1034 859 1117 nnnyt
879 1036 982 1097 nette.
1006 1056 1034 1102 ι,
1055 1048 1113 1108 27.

113 1130 150 1214 .)
184 1133 238 1192 vel
262 1153 280 1195 a
303 1134 379 1195 Lud
408 1138 430 1199 i.
450 1158 479 1201 e.
505 1138 691 1202 Maeandro.
725 1136 819 1223 (Vid.
844 1136 995 1199 Bochart.
1016 1155 1043 1197 c.
1067 1128 1114 1221 l.)

116 1230 141 1293 lt
166 1231 286 1295 bellum
314 1238 513 1309 Troianum,
548 1258 621 1301 cum
648 1234 821 1303 multarum
849 1240 997 1324 gentium
1022 1238 1113 1298 fieret

113 1337 236 1417 gratio,
268 1338 366 1399 etiam
390 1340 474 1420 Lydi
494 1340 626 1405 ulteriue
648 1338 800 1425 progreffi
816 1357 849 1404 et
872 1361 946 1403 cum
969 1338 1036 1400 aliie
1057 1355 1113 1419 po·

112 1434 151 1496 lie
174 1438 350 1508 commisti,
377 1443 477 1505 variar
497 1443 643 1528 regiones
668 1455 880 1526 occuparunt,
907 1440 977 1520 (uti
996 1437 1110 1503 Strabo

112 1537 197 1599 terlio
215 1537 294 1601 locis
316 1541 432 1624 docet)
457 1557 490 1606 et
511 1545 546 1605 in
565 1545 724 1605 Etruriam
742 1564 842 1628 oeque
859 1543 1000 1607 coloniae
1016 1536 1108 1601 mile·

112 1651 151 1700 tt.
179 1638 351 1721 (Herodot.
368 1664 397 1715 r,
406 1655 466 1725 94.
489 1643 624 1725 Dionys.
636 1646 707 1707 Hal.
722 1666 749 1709 c.
761 1647 783 1709 l.
804 1645 918 1708 Strabo
928 1657 960 1722 5.
976 1664 1009 1725 p.
1024 1652 1106 1719 152.

112 1737 206 1827 219.)
259 1743 370 1827 Qualis
387 1748 514 1827 proprie
533 1742 594 1808 fnit
611 1746 721 1827 Lydia,
748 1746 978 1827 conterminam
996 1741 1109 1804 habuit

112 1843 244 1927 rygiam,
271 1844 407 1917 Cariam,
435 1847 580 1928 ll‘lytiam,
606 1868 688 1930 quoe
702 1863 809 1911 tamen
825 1848 980 1910 terminos
1002 1843 1107 1906 turbe·

112 1956 138 2005 tt
159 1946 309 2009 lloutani.
337 1948 429 2031 (vid.
448 1949 560 2012 Strabo
581 1963 635 2030 ¹5·
660 1971 693 2035 p.
712 1960 797 2030 432.
822 1947 844 2011 l.
861 1944 968 2029 628.)
1018 1944 1106 2007 Hinc

112 2040 229 2127 eriptio
245 2049 313 2109 eius
328 2049 386 2111 alie
399 2048 443 2113 est
456 2051 675 2136 geographica,
694 2052 750 2113 alia
767 2048 881 2113 civilie.
921 2049 1004 2111 Urbe
1019 2047 1107 2131 regia

112 2144 190 2212 vdes.
221 2146 357 2229 (Strabo
383 2166 437 2229 13.
463 2164 602 2233 Ρ.45ο.
622 2149 766 2236 6695.)
818 2152 903 2214 Cum
928 2148 999 2213 [noe
1022 2148 1104 2208 olim

112 2261 215 2309 terent
235 2268 342 2335 reget,
364 2249 495 2336 (lustin.
514 2274 542 2323 r,
558 2269 590 2327 7,
615 2250 692 2335 ι4.)
725 2254 760 2313 in
782 2235 899 2334 onibus
924 2248 1103 2341 Candaules

112 2344 248 2413 Croesus
262 2355 401 2415 maxime
421 2354 654 2434 inclaruerunt,
679 2355 757 2415 victi
774 2357 806 2414 in
823 2350 986 2415 Persarum
1003 2368 1101 2411 vene·

112 2453 357 2533 rtpotellatem,
389 2454 522 2538 (Strabo
543 2467 597 2533 15.
615 2469 695 2518 extr.
730 2455 889 2516 Herodot.
919 2475 950 2523 1,
970 2468 1012 2531 8ι
1036 2448 1100 2532 [qq.
1141 2458 1145 2465 '

112 2552 207 2633 oepit
223 2558 342 2637 Cyrop.
354 2570 388 2629 7,
407 2553 460 2639 2.)
486 2557 572 2618 unde
587 2555 644 2617 iub
655 2556 831 2619 Alexandro
845 2553 892 2617 M.
908 2574 982 2615 curn
998 2551 1101 2615 Perfie

112 2650 305 2718 Macedonas
326 2660 533 2728 nannetum,
558 2676 627 2740 quo
647 2672 778 2719 mortuo
794 2655 960 2741 Meleagro
980 2654 1033 2716 vel
1056 2651 1099 2715 le·

112 2754 199 2815 trium
214 2757 292 2819 alioe
307 2759 486 2820 Menandro
501 2761 590 2846 regio
612 2759 772 2821 adtributa
789 2758 843 2822 ett.
869 2753 953 2842 (vid.
968 2754 1096 2820 Weiiel.

113 2856 248 2920 Diodor.
268 2871 322 2937 ι8,
339 2875 371 2939 5.
394 2862 432 2923 A.
446 2862 594 2925 Gronov.
608 2862 645 2923 ad
663 2860 773 2922 lollio.
795 2873 851 2937 ις,
864 2868 900 2937 4,
923 2856 995 2938 ¹5·)
1028 2854 1098 2941 lpse

111 2958 159 3018 tlia
173 2956 258 3021 ferax
275 2959 336 3022 luit
354 2964 433 3032 vini,
460 2964 605 3032 ficorum,
633 2962 697 3025 olei
717 2997 760 3010 -
786 2959 956 3044 (Xenoph.
974 2952 1095 3039 Cy'rop.

111 3076 140 3130 ε,
160 3061 239 3143 22.)
267 3064 364 3123 etiam
385 3066 528 3149 argenti,
553 3064 735 3148 (Herodot.
752 3072 786 3137 5,
811 3056 892 3139 49.)
923 3078 962 3120 ex
984 3059 1096 3121 Tmoli

114 3161 178 3222 itiie
207 3164 341 3241 (Strabo
361 3179 414 3242 13.
436 3186 466 3246 p.
485 3175 571 3243 430.
588 3161 608 3225 i.
624 3156 731 3239 686.)
756 3174 790 3224 et
813 3159 935 3220 Pactoli
959 3157 992 3219 tt.
1014 3162 1095 3221 auri·

111 3300 131 3333 .,
157 3266 245 3326 uude
262 3264 367 3327 Croesi
389 3266 518 3327 divitiae
538 3279 739 3348 repetuntur.
764 3262 877 3342 (idem
901 3274 934 3322 et
948 3260 1094 3326 Eniieth.

112 3364 246 3427 Homer.
265 3368 302 3429 ll.
321 3384 352 3436 2,
374 3368 481 3443 866.)
532 3369 581 3427 De
602 3367 731 3427 illorum
751 3362 896 3425 moribus
916 3377 950 3424 et
969 3360 1096 3445 legibue

111 3469 241 3528 rodoma
263 3489 291 3538 r,
308 3482 367 3547 93.
388 3478 447 3547 94.
469 3468 555 3528 nnrle
569 3469 665 3528 etiam
682 3465 819 3547 adparet,
836 3462 989 3525 ludorum
1006 3460 1094 3526 luiffe

112 3580 256 3637 entoree,
285 3570 374 3645 (viri.
396 3569 542 3629 Bechert.
567 3571 601 3629 in
625 3566 745 3651 Phaleg
769 3580 803 3639 2,
832 3568 908 3643 ια.)
932 3568 1094 3628 renitente

111 3689 160 3732 ren
182 3674 220 3730 acl
243 3671 443 3732 Herodotum
461 3669 675 3754 Wellelingio.
711 3668 896 3731 Decorum
918 3666 1043 3727 luxuria
1061 3680 1095 3728 et

113 3771 188 3832 dine
205 3786 328 3853 praeter
336 3772 538 3834 Herodotum
549 3769 740 3832 vid.Strabo
751 3789 764 3830 r
777 3781 894 3833 r.oxtr.
908 3781 941 3829 et
951 3768 1091 3830 Enllath.

111 3872 238 3952 Dionys.
253 3894 285 3934 v.
302 3885 386 3952 839.
401 3886 435 3935 et
445 3874 529 3951 846.
553 3873 608 3954 qui
622 3868 775 3961 πονηρίαν
787 3890 901 3933 eorum
916 3871 949 3930 in
965 3887 1094 3949 prover·

112 3994 147 4035 m
167 3972 272 4035 abiille
288 3976 394 4037 rlocet.
432 3975 481 4035 tiri
496 3974 574 4055 Cyri
591 3987 699 4036 tamen
722 3988 804 4037 atter
818 3968 916 4035 refert
931 3968 1040 4033 lustin.
1062 3990 1094 4043 t,

113 4093 172 4143 tr.
196 4096 214 4138 a
237 4095 302 4160 quo
321 4078 356 4138 in
379 4073 505 4140 lemma
525 4097 559 4141 re
580 4095 650 4141 non
672 4073 865 4140 dialeutiunt
882 4071 1042 4138 Herodot.
1063 4092 1093 4146 r,
