2634 4716
210 427 263 487 tn
289 427 428 487 eona.
458 428 569 529 net.»
608 427 690 491 ω.
734 425 855 490 cvn.
896 427 975 499 t·-
1056 418 1117 505 ¹⁶9

70 582 184 676 bavit,
213 594 289 664 'cum
305 602 448 662 dirutum
468 600 567 664 Plinii
589 614 691 665 aetate
707 621 773 665 non
792 599 899 666 fuerit.
951 598 1120 665 Pincianae

72 728 114 775 ex
138 705 404 787 interpretatione
431 701 567 766 Graecae
593 706 683 765 rotie
712 720 833 768 temere
856 706 1016 767 adiectum
1039 703 1121 765 iilud

71 820 186 895 putatt
208 816 246 866 ut
263 802 328 867 iere
343 805 545 877 Harduinuet
568 806 735 870 Salmaiiut
749 808 789 869 ad
804 808 906 871 Solin.
923 826 956 889 p.
965 826 1019 867 ·m.
1032 818 1117 879 227.

71 902 150 973 enit
174 906 372 971 Diarrntnm
398 918 431 967 et
461 905 531 990 post
556 902 757 994 Διάρρυτον,
782 911 901 992 inepta
926 907 1123 992 tartologia;

73 1010 244 1077 Diiutnm.
268 1006 355 1089 quod
371 1008 561 1071 emendabat
575 1010 679 1071 Surita
699 1011 739 1071 ad
752 1012 909 1073 Antonin.
926 1030 960 1093 p.
982 1026 1038 1073 er.
1065 1006 1123 1075 eui

73 1112 184 1179 reiicit
215 1109 402 1171 Harduinue
434 1128 509 1171 cum
535 1108 720 1195 weueting.
751 1113 790 1173 ad
826 1110 980 1174 Antonin.
1003 1131 1035 1193 p.
1063 1126 1121 1174 21.

74 1214 192 1281 multie
208 1210 314 1294 postea
331 1210 432 1271 tuitue
449 1210 492 1272 en
507 1212 682 1274 Bezzonici
705 1216 740 1274 in
753 1213 905 1294 disquisit.
923 1212 1007 1275 Plin.
1024 1212 1065 1273 T.
1088 1229 1122 1275 a.

75 1338 113 1402 p.
127 1316 190 1395 69.
215 1325 249 1375 ct
268 1324 359 1374 antea
373 1310 562 1395 probaverat
576 1314 773 1385 Politinnua,
800 1316 857 1396 qni
873 1315 964 1377 MSS.
982 1312 1125 1376 vetustot

79 1414 260 1487 consuluit,
287 1412 375 1495 quod
394 1413 459 1475 hoc
480 1414 515 1474 srt
531 1415 700 1487 Latinum,
726 1418 859 1478 alterurn
877 1416 1045 1478 Graecum.
1084 1414 1126 1476 lu

76 1518 250 1585 Antonino
269 1534 303 1598 p.
326 1524 384 1579 et.
406 1516 541 1577 Zaritns
561 1516 738 1599 adpellatur
759 1538 799 1579 ex
821 1519 1000 1579 mutatione
1021 1516 1133 1580 littte-¹

77 1640 157 1685 rum
182 1640 202 1681 z
222 1629 256 1679 et
278 1614 303 1675 d
322 1617 358 1677 in
378 1614 505 1679 Aeolica
526 1621 663 1680 maxime
683 1619 819 1682 dialecto
833 1638 900 1680 non
915 1616 1124 1699 infrequenti.

78 1720 136 1787 Cf.
152 1720 252 1782 etiem
264 1714 415 1781 Bothtrt.
432 1717 466 1779 in
481 1716 632 1781 Chanran
650 1738 681 1792 1,
700 1730 758 1800 24.
785 1734 818 1782 et
837 1719 964 1783 Salmas.
980 1720 1018 1781 eii
1034 1718 1129 1803 Capi·

77 1822 177 1887 toiini
196 1820 400 1884 Antoninum
415 1818 513 1883 Pium
534 1840 561 1883 c.
583 1836 640 1885 ta.
693 1823 741 1884 lta
761 1840 838 1885 vero
861 1824 959 1885 etiarn
976 1822 1029 1883 vel
1053 1840 1129 1885 con·

79 1938 181 1988 tracte
201 1920 281 1983 adeo
304 1917 408 1982 forme
430 1941 447 1983 e
467 1920 692 2003 posterioribus
716 1925 838 1985 dictum
862 1922 939 1993 ene.
973 1924 1130 2007 exemplis

85 2026 200 2091 docuit
219 2022 402 2086 Porcheron
426 2023 465 2084 ed
487 2024 605 2109 Geogr.
629 2025 775 2089 Ravenn.
795 2039 827 2105 3.
849 2027 883 2088 6.
907 2044 940 2108 p.
960 2034 1040 2103 118.
1067 2024 1129 2087 ubi

83 2128 239 2209 Hippone
252 2121 417 2216 Zerest'on.
452 2122 504 2188 Cf.
521 2136 554 2203 5.
574 2136 608 2202 5.
647 2123 788 2187 Priscum
805 2144 926 2187 nomen
948 2126 1061 2187 ieviter
1075 2116 1130 2187 adl
1189 2180 1192 2185 .

85 2227 210 2292 fectum
228 2223 361 2288 exbibet
380 2222 486 2285 tabule
507 2226 657 2311 Peuting.
680 2228 735 2290 lv.
758 2228 890 2307 innnnte
911 2227 1041 2290 diarito.
1080 2230 1131 2289 lte

10 2328 15 2356 ⁸
85 2348 166 2393 tero
189 2339 319 2409 propter
333 2345 484 2409 aquarum
505 2330 622 2412 irrigue
645 2331 912 2413 cognominatum
935 2326 1014 2399 elie,
1039 2329 1131 2391 adfir-

15 2466 23 2553 ι
86 2445 155 2495 mat
176 2428 318 2499 Plinius,
350 2427 389 2490 ab
408 2428 612 2491 interfluente
636 2425 718 2494 freto
742 2430 889 2499 Solinus,
921 2431 1035 2511 inquo
1053 2448 1131 2493 eum

21 2602 24 2607 ¹
87 2533 203 2619 nugari
218 2542 308 2614 putet
323 2528 499 2600 Salonina,
523 2549 597 2592 curn
613 2531 741 2591 nullum
758 2529 876 2593 fretum
892 2532 1062 2601 interfluat.
1086 2542 1130 2607 et.

89 2636 111 2695 ii
132 2636 175 2695 ad
199 2649 288 2693 mare
307 2629 441 2701 referat,
472 2632 570 2695 etiam
591 2632 670 2698 alter
693 2630 803 2715 Hippo
826 2634 966 2695 eundem
990 2633 1131 2715 positum

86 2734 251 2799 hebuerit.
308 2731 441 2815 Optime
472 2747 580 2795 entem
616 2731 740 2795 causam
773 2735 859 2795 iliam
893 2733 1021 2796 sustinet
1053 2735 1133 2799 alter

87 2837 217 2902 Pliniue
240 2832 361 2917 epistol.
385 2852 420 2912 9.
446 2848 505 2914 33.
543 2833 598 2895 ubi
625 2826 747 2896 scribit:
795 2834 922 2897 adiacet
952 2834 1134 2918 navigabile

10 2998 14 3027 ¹
79 2938 259 3032 stagnum,
284 2955 400 3018 exque
420 2936 452 2996 in
468 2936 594 2997 modurn
607 2930 763 3023 fluminis
778 2935 968 3029 aestuarium
992 2939 1132 3019 enrergit,

80 3039 177 3127 qnod
197 3038 269 3101 vice
288 3036 432 3107 wenta,
463 3046 562 3118 prout
587 3035 691 3131 aestus
715 3048 774 3098 aut
800 3032 958 3128 repreffit,
995 3051 1054 3100 ent
1076 3040 1134 3100 im·

80 3140 193 3223 pulit,
218 3158 303 3201 nune
316 3129 456 3227 infertur
475 3138 573 3208 mori,
599 3159 684 3199 rariore
703 3137 849 3201 reciditur
857 3136 993 3229 stagno.
1045 3139 1134 3203 Hinc
1170 3132 1175 3137 ’
1203 3146 1207 3151 “

79 3237 265 3317 'lere-enirn
281 3236 378 3330 λίμνη
391 3257 408 3301 a
421 3240 607 3302 Ptolemaeo
617 3251 652 3319 4,
670 3252 704 3318 3.
722 3258 766 3303 m.
793 3239 879 3320 quod
895 3252 928 3302 et
942 3239 996 3301 hic
1011 3236 1136 3306 voffiur

82 3344 233 3413 notarit,
255 3342 341 3402 iuxta
356 3342 496 3423 ponitur.
536 3342 648 3405 Strabo
664 3355 718 3417 ¹7·
733 3360 766 3422 p.
783 3352 868 3419 572.
884 3338 904 3403 i.
918 3352 1004 3421 832.
1026 3335 1135 3431 ἄμφω

81 3440 253 3526 ,flavilem
276 3444 372 3512 dicit,
415 3442 471 3504 etii
498 3440 572 3505 uiue
601 3461 783 3527 cognomen
807 3444 929 3523 Regius
955 3444 1055 3525 priori
1083 3444 1137 3507 ad·

81 3547 219 3612 nexuit.
270 3545 324 3607 An
347 3562 443 3617 vero,
469 3544 629 3626 quoditie
651 3557 815 3606 notaverat
839 3544 994 3608 Graeviue
1011 3544 1081 3609 MS.
1102 3559 1137 3609 et

88 3660 263 3734 potaverat
277 3645 374 3709 show
387 3646 428 3708 T.
449 3666 478 3708 r.
498 3664 530 3727 p.
555 3658 633 3725 rgo.
655 3642 771 3710 ‘innon
795 3639 889 3721 πόλις
911 3646 946 3705 sit
961 3648 1044 3729 apud
1060 3648 1137 3727 Scy·

88 3752 198 3814 lacem
209 3768 243 3833 p.
259 3760 319 3826 50.
332 3744 433 3809 fluns.
457 3749 616 3809 incertum
631 3744 705 3809 iacit
722 3749 911 3810 narrationi·
925 3747 1136 3823 detruncatio,

85 3852 153 3916 vetii
172 3848 379 3936 probabiliter
399 3848 519 3910 accedit
533 3868 573 3911 ex
587 3851 691 3910 vicina
711 3850 846 3930 palude.
867 3861 899 3910 et
919 3850 1007 3931 quod
1024 3849 1136 3911 Aristo·

89 3954 175 4019 <elec
189 3948 511 4017 demirieauicuitet.
534 3970 561 4013 c.
586 3951 667 4033 246.
695 3951 851 4031 Apollinis
873 3953 1138 4033 promontorium

91 4054 177 4118 olim
192 4054 295 4139 Hippi
315 4054 439 4116 dietum
459 4048 550 4115 iuiiie
575 4052 699 4122 innuit,
723 4053 802 4113 drrm
822 4056 907 4115 inter
923 4051 986 4114 hoc
1001 4064 1035 4114 et
1051 4050 1138 4117 Mer·

98 4158 183 4222 eutii
212 4155 310 4245 ponit
339 4155 482 4229 litium.
521 4152 580 4222 ιώ
602 4144 728 4223 Ἵππου
763 4145 870 4247 inpar
900 4153 1034 4239 propino
1062 4166 1137 4218 ante
