2634 4716
253 388 613 475 turoneum.
653 416 689 471 L.
710 417 733 469 r.
777 417 911 475 catut
953 417 1053 488 erg.
1112 414 1179 492 623

143 604 310 677 comparat
322 591 528 674 Agathenrer.
545 606 576 660 o.
593 608 628 671 9.
652 610 729 652 cum
744 590 876 673 Alpibus
888 590 1018 655 Celticis
1029 593 1182 659 Arrianus

144 694 177 754 in
195 694 315 775 periplo
335 716 365 775 p.
388 710 443 756 re.
461 693 561 756 Horis.
588 692 727 755 nubibur
749 695 896 755 altiorem
921 696 1082 776 praedicat
1106 694 1186 759 Pro·

144 799 257 877 copias
280 800 319 855 de
341 794 378 855 B.
402 796 502 859 Goth.
526 803 560 877 4,
588 812 620 873 5.
642 797 686 858 in.
716 809 753 856 ut
775 816 833 856 nec
852 797 908 856 nix
928 816 1088 877 unquam,
1121 814 1183 858 uec

94 894 99 901 ⁷
143 896 255 978 pluvia
272 899 339 956 eius
358 916 511 957 cacumen
532 898 659 980 tangat:
688 897 744 958 etii
766 910 881 979 poetae
903 898 1036 958 niualem
1059 896 1184 973 dicunt,

146 1001 311 1060 utSerreca
325 1001 357 1057 in
369 999 461 1059 Herc.
474 998 596 1060 Oetaeo
612 1020 642 1059 v.
659 1010 762 1077 ¹45¹·
791 997 988 1062 Cs.auteaet
999 1000 1112 1061 Strabo
1128 1010 1183 1063 ιι.
1302 988 1305 995 ’

146 1122 178 1182 p.
197 1108 279 1178 345.
297 1098 318 1161 s.
336 1100 420 1177 506.
446 1101 502 1160 ubi
520 1102 619 1161 etiam
635 1103 676 1161 de
692 1099 813 1162 difficili
832 1102 900 1163 eiua
922 1099 1100 1163 adscensu.''·
1116 1100 1186 1162 Ari·

145 1202 457 1264 florelesMeteoroi
480 1223 508 1269 r.
529 1212 583 1281 1'5.
615 1203 728 1263 indeo
750 1204 916 1263 Maeotide
939 1202 1078 1286 conspici
1100 1201 1187 1284 posse

146 1303 304 1365 adsrrrrrat.
347 1306 385 1365 In
402 1302 519 1364 fabulis
534 1304 679 1365 innotuit
694 1302 878 1364 Promethei
894 1305 1002 1376 cubili,
1026 1308 1073 1364 uti
1090 1315 1188 1365 vocat
1225 1300 1230 1305 ¹

146 1407 250 1466 vater.
276 1405 427 1482 Flacc.5‚
451 1417 532 1501 155.
575 1408 690 1489 iugum
722 1408 790 1465 eiua
815 1406 991 1469 Strobilum
1015 1407 1188 1476 nominari,
1227 1480 1233 1493 1
1296 1424 1302 1428 ·

148 1507 296 1566 adfirmat
318 1507 438 1569 Arrian.
461 1498 534 1568 cuii
579 1508 701 1569 Locum
737 1507 827 1567 illum
859 1505 981 1567 visendi
1012 1509 1190 1587 cupiditate

147 1610 261 1668 ductus
279 1606 439 1668 adscendit
456 1588 631 1688 Pompeius
645 1609 677 1667 in
693 1608 778 1669 bello
791 1608 1012 1668 Mithridatico
1030 1610 1189 1690 (Appiam.

147 1712 183 1771 in
208 1709 362 1770 Mithrid..
377 1730 404 1770 c.
427 1712 522 1786 103.)
553 1709 625 1769 vifit
646 1710 745 1770 ctiam
766 1710 967 1791 Apollonius.
997 1710 1189 1784 (l'iriiossrat.
1225 1728 1227 1733 ·

147 1812 183 1873 in
205 1812 272 1871 rita
291 1808 439 1892 qu.)
491 1807 621 1873 Nomen
650 1825 760 1872 autem
792 1813 914 1871 montio
940 1812 1104 1891 antiquior
1130 1809 1193 1871 suit

148 1910 271 1974 Boreae
289 1910 399 1979 iectus.
422 1910 491 1990 posi
508 1903 686 1999 Caucasus.
710 1927 746 1968 ot
759 1911 856 1971 refert
877 1910 1191 1974 Pseudo-Plutarch.

150 2013 190 2075 de
206 2006 241 2073 sl.
260 2010 281 2072 s.
298 2032 330 2073 v.
350 2009 471 2078 Phariis,
494 2008 549 2068 ubi
563 2023 598 2069 et
613 2009 842 2072 babaecausaa.
877 2011 1029 2073 Ceterum
1044 2034 1082 2072 ex
1099 2016 1192 2076 aierit

151 2116 298 2194 adparet,
320 2132 418 2193 quam
435 2111 519 2171 varia
535 2124 567 2169 et
588 2110 671 2171 fluxa
690 2109 785 2169 suerit
807 2112 935 2182 iliorum
952 2116 1117 2173 montium
1140 2117 1195 2185 ade

149 2216 299 2299 pellatia,
326 2216 417 2274 cuins
433 2208 523 2317 causa
541 2213 721 2291 quaerenda
740 2212 784 2273 esi
807 2214 841 2271 in
862 2214 973 2273 multia
995 2215 1091 2273 Tauri
1113 2215 1195 2275 Cau.-

152 2318 274 2397 cafique
288 2315 449 2382 ramentis,
466 2322 547 2394 quae
562 2333 578 2372 a
596 2315 689 2374 variis
706 2315 818 2374 accolis
829 2315 915 2373 varie
933 2315 1127 2374 rotabantur
1141 2315 1196 2377 vel

154 2419 196 2481 ob
223 2417 420 2479 vicinitatem
452 2412 746 2476 commiscebantur.
799 2416 910 2476 Plures
931 2430 1037 2476 autem
1066 2434 1196 2487 oronte·

153 2519 242 2585 fuisse
260 2521 297 2578 ad
311 2514 485 2579 Caucasum
501 2529 624 2599 praeter
640 2516 718 2577 alios
731 2512 825 2577 refert
837 2495 997 2578 Plutarch.
1015 2518 1047 2577 iri
1062 2518 1195 2581 Lucullo
1241 2556 1244 2563 ·

154 2641 221 2703 cap.
247 2627 301 2698 14.
334 2620 418 2679 varia
442 2618 514 2679 eiua
543 2619 674 2678 nomina
703 2617 832 2680 Orosius
855 2640 881 2687 ι,
908 2634 941 2681 2.
1003 2621 1092 2681 idern
1120 2640 1197 2685 cum

154 2723 262 2784 Tatrro
285 2721 436 2803 coniungi
463 2731 574 2802 negat,
607 2734 778 2800 contraque
803 2719 972 2781 sentientes
995 2719 1127 2792 refutat,
1160 2722 1199 2785 in

156 2824 271 2906 quibua
288 2821 329 2883 esi
347 2823 380 2883 in
401 2821 512 2903 primis
528 2820 611 2880 Plin.
628 2832 661 2896 5,
679 2836 737 2894 27.
787 2824 828 2883 tt
850 2821 1037 2902 quibusdam
1056 2824 1212 2904 partibus·

156 2945 229 2987 cum
245 2926 350 2985 Tauro
367 2924 516 2985 conuecti
536 2934 567 2983 et
584 2923 694 2984 Strabo
717 2944 770 2985 rt.
793 2906 925 3003 mae.
942 2921 961 2983 s.
979 2940 1065 3002 497.
1089 2925 1197 2997 resen,

88 3068 91 3073 ,
157 3041 190 3107 et
210 3027 400 3089 recentiores
419 3022 619 3090 confirmant.
670 3024 764 3083 Plura
789 3042 894 3085 aurem
918 3028 1052 3087 omuino
1076 3029 1199 3088 dabunt
1313 3078 1316 3083 .

159 3128 198 3189 de
210 3124 346 3189 Caucaso
357 3123 482 3187 Salmas.
496 3128 534 3186 ad
550 3125 652 3188 Soliu.
669 3147 699 3206 p.
716 3145 758 3186 ιη.
775 3137 859 3202 555.
882 3140 925 3192 et.
944 3128 998 3207 qui
1014 3128 1085 3188 data
1101 3148 1199 3208 opera

159 3250 261 3310 nuper
277 3228 316 3288 de
331 3248 369 3287 eo
391 3225 619 3309 exposuerunt,
644 3227 833 3286 Lrirrernarrn
855 3240 888 3289 et
906 3228 1068 3290 RommeI.
1110 3231 1200 3295 Varia

99 3364 101 3369 ·
159 3330 259 3393 hodie
281 3329 360 3410 gerit
381 3328 528 3397 nomina,
554 3349 586 3390 v.
604 3348 632 3390 c.
655 3329 777 3396 Kaern,
808 3328 891 3397 Tora,
916 3332 1030 3400 Aetate,
1055 3332 1123 3399 rei,
1145 3333 1201 3391 ed·

160 3431 244 3497 scitia
268 3429 441 3490 accolarum
466 3429 670 3497 nominihus,
697 3428 1062 3512 Korakesion-Deglan-
1082 3468 1128 3479 -
1157 3431 1199 3496 de

125 3567 139 3600 1
160 3533 275 3616 quibus
290 3532 356 3591 vid.
371 3530 531 3613 Rcineggs
545 3529 672 3591 Bescbr.
694 3530 750 3591 dee
765 3530 922 3593 Caucasus
936 3532 977 3593 T.
1000 3554 1028 3595 r.
1051 3555 1081 3614 p.
1102 3547 1135 3614 5.

237 3634 338 3693 asiis
353 3632 429 3712 -)
480 3631 564 3693 ltin.
589 3645 618 3708 5,
645 3646 701 3705 27.
719 3629 741 3691 s.
766 3632 909 3710 plurimis
921 3623 961 3724 se
981 3637 1120 3706 gentium
1143 3655 1200 3696 rto·

162 3731 297 3799 rnt'rrr'brts
314 3734 388 3793 irinc
408 3746 438 3793 et
458 3731 543 3792 r'ssr'rrc
560 3733 678 3809 irrrplct.
732 3734 832 3795 Solio.
856 3753 883 3797 c.
900 3746 963 3812 [μ.
980 3732 1002 3796 s.
1022 3746 1078 3815 38.
1098 3758 1124 3796 o
1143 3757 1201 3815 po·

160 3839 246 3918 prelis
260 3832 503 3912 adnotationem
524 3835 636 3909 trabit.
679 3835 833 3897 Ceterum
851 3837 928 3897 haec
946 3836 1047 3897 Mesae
1063 3836 1201 3901 sormrrit

162 3941 365 4019 uarietatem,
405 3936 649 3997 multitudinem
683 3937 818 4006 indicat,
854 3957 987 4017 eamque
1025 3939 1202 4003 inlustravit

162 4041 319 4119 exemplis
342 4035 467 4099 Gesner.
493 4037 527 4097 iu
551 4033 629 4098 thes.
646 4038 683 4098 1..
702 4039 739 4101 1..
762 4039 795 4101 h.
819 4059 852 4111 y.
902 4041 951 4101 Ex
977 4039 1073 4099 Livio
1103 4042 1199 4102 etiam
1307 4100 1312 4111 ,

162 4141 262 4207 musta
286 4137 505 4223 congesserunt
526 4138 673 4231 Gronov.
695 4153 729 4201 et
751 4139 916 4203 Drakenb.
937 4140 975 4221 ad
1003 4150 1060 4220 24,
1087 4156 1145 4210 eo,
1164 4161 1201 4224 9,

162 4262 202 4305 εκ
223 4240 365 4306 Sallustio
383 4240 422 4301 ad
443 4240 482 4303 B.
507 4242 578 4326 lug.
596 4254 656 4327 72,
675 4255 709 4304 Ω.
733 4241 844 4305 Corte.
892 4234 1086 4325 Blemmque
1109 4257 1142 4307 et
1162 4265 1202 4313 ec

382 4558 397 4593 Ι
