2634 4716
157 372 200 457 76
427 374 591 437 notata
630 377 935 443 exacertcaa
1044 454 1047 459 Ι

157 551 289 627 Strabo.
315 571 391 615 eum
405 549 576 614 Herodoto
595 554 733 621 Araxum
752 548 772 613 s.
791 553 923 645 Araxem
945 551 980 612 in
1001 544 1135 613 illorum
1154 567 1200 611 re·

157 655 257 740 gione
286 665 481 724 memorant.
525 653 565 715 de
595 673 661 736 quo
694 654 763 717 vid.
796 655 953 737 disputata
979 652 1019 715 ad
1046 665 1079 731 3.
1105 662 1141 729 5.
1166 661 1199 730 5.

160 756 290 838 Nempe
304 757 419 817 Araxen
433 756 498 817 fine
513 754 611 817 dubio
626 754 680 817 hic
695 773 762 818 non
777 756 820 818 ell
835 756 1014 825 Armeniae,
1034 751 1086 815 sed
1100 752 1200 826 Oxue.

83 886 88 899 .
158 859 212 940 qni
228 859 426 918 Bactrianam
441 870 473 918 et
486 856 676 942 Sogdianam
692 857 867 922 dividebat.
907 858 955 918 lta
968 856 1114 917 concinit
1127 856 1203 921 ttnu

157 960 192 1021 in
210 960 388 1021 Herodoto.
441 960 529 1018 Tum
543 955 725 1042 Sogdianoe
741 959 813 1041 ipsra
827 960 1045 1022 conterminos
1065 957 1202 1020 declarat

159 1063 256 1124 etiam
279 1062 431 1122 Arrianus
453 1058 494 1120 de
520 1060 794 1143 exped.1llex.4,
823 1062 878 1125 16.
904 1074 936 1122 et
958 1062 993 1122 in
1012 1059 1128 1142 primia
1145 1072 1200 1134 17.

70 1184 83 1207 ⁴
157 1163 252 1225 Sacae
267 1175 385 1230 autem.
409 1178 490 1241 quoe
511 1161 701 1245 adiungunt.
723 1163 892 1241 Scythicna
911 1162 1053 1244 populus
1068 1158 1202 1223 suerunt

158 1265 240 1324 ultra
263 1264 455 1345 Sogdianam
476 1273 509 1323 et
532 1261 732 1324 Bactrianam
755 1263 862 1327 versuo
886 1262 1150 1347 septemtrionem
1169 1273 1202 1322 et

81 1379 83 1382 ·
160 1367 331 1426 orientem.
383 1361 433 1426 Gi.
457 1367 594 1425 omnino
625 1365 664 1426 de
689 1365 728 1426 iia
751 1366 789 1426 ad
811 1380 843 1443 5.
867 1381 900 1440 7,
927 1385 957 1430 1.
1011 1365 1098 1449 Quia
1124 1380 1200 1427 veru

106 1478 108 1483 ’
158 1465 346 1550 Massagetae
358 1466 494 1546 Scythae
512 1463 653 1537 suerunt,
676 1478 709 1528 et
724 1469 776 1527 vel
794 1469 833 1529 lic
847 1466 971 1535 diserte.
995 1465 1047 1527 vel
1060 1482 1101 1527 ex
1118 1483 1201 1529 nexu

159 1569 321 1636 dictitatur,
343 1568 426 1648 apu'd
445 1566 596 1648 Stephan.
614 1568 648 1629 h.
667 1588 699 1631 v.
721 1568 841 1631 Arrian.
857 1579 892 1648 4,
917 1570 973 1640 16.
996 1582 1051 1642 17.
1080 1600 1131 1615 -·-
1156 1568 1200 1628 in·

157 1654 322 1753 teltigin'n.
353 1690 409 1729 cnr
430 1670 465 1728 in
480 1666 599 1731 iunesla
624 1669 677 1731 illa
693 1668 769 1749 Cyri
787 1672 994 1752 expeditione
1014 1686 1074 1752 pro
1095 1666 1201 1731 Malla·

159 1775 242 1857 getis
259 1770 391 1849 Scythae
408 1771 539 1850 qnidam
560 1769 714 1840 reserant.
741 1786 777 1832 nt
792 1772 928 1834 lustinus
948 1791 976 1841 t.
995 1783 1029 1849 8.
1063 1750 1211 1835 Diodor.

163 1890 194 1940 a.
212 1883 273 1951 44.
301 1886 334 1933 et
349 1887 521 1951 utrumque
543 1891 664 1934 nomen
686 1875 788 1935 variet
806 1874 963 1935 Lucienue
978 1874 1011 1933 in
1030 1871 1201 1934 Macrobiis

136 1974 185 2037 ἐ.
208 1988 263 2050 13.
291 1993 364 2033 cum
392 1973 535 2053 plerique
556 1973 638 2036 duce
661 1973 830 2035 Herodoto
854 1974 1036 2059 lllalsagetat
1059 1992 1199 2036 comnte·

155 2089 295 2139 morent.
350 2075 437 2136 Fecit
461 2086 568 2134 antem
585 2075 774 2153 Scytharum
795 2096 933 2146 nomen.
959 2089 996 2138 ut
1018 2074 1109 2157 illam
1124 2072 1200 2156 Cyri

154 2178 395 2259 expeditionem
409 2190 442 2236 et
457 2174 541 2258 ipsos
564 2176 746 2262 Massagetae
764 2191 895 2259 propter
909 2179 1019 2239 Araxis
1035 2177 1072 2271 in
1086 2194 1199 2239 eorum

154 2282 288 2370 regione
310 2280 512 2341 mentionem
533 2278 613 2339 ultra
630 2280 814 2341 Armeniam
836 2299 853 2338 a
876 2281 962 2342 Sacia
983 2288 1199 2349 removerent.

72 2442 79 2464 ι
155 2384 205 2442 uti
227 2382 267 2441 ad
289 2394 321 2460 5.
350 2392 383 2456 5.
410 2392 442 2457 5.
466 2382 591 2447 notavi.
644 2383 693 2441 lta
715 2380 864 2459 Synesma
888 2380 928 2440 de
956 2397 1058 2463 regno
1082 2399 1116 2462 p.
1144 2395 1198 2443 tu.

154 2481 270 2567 (Paris.
294 2480 422 2560 1553.)
449 2481 544 2543 Getae
569 2493 654 2543 trane
679 2481 791 2542 lstrum
812 2482 998 2564 coniungit.
1028 2482 1063 2541 in
1085 2481 1199 2543 ultima

154 2584 326 2646 Germania
359 2581 469 2643 Schol.
502 2582 623 2642 Lucani
648 2583 688 2642 ad
715 2598 746 2657 3.
772 2595 854 2659 253.
912 2584 953 2644 At
979 2581 1051 2663 quia
1077 2582 1200 2645 Araxen

119 2693 129 2716 ·
153 2684 398 2768 Massagetarum
422 2683 462 2743 de
491 2681 661 2745 Armeniae
687 2685 786 2745 Araxe
811 2685 1040 2769 intelligerent,
1081 2680 1199 2746 sectum

154 2789 253 2846 etiam
276 2784 382 2866 postea
403 2783 547 2854 videtur,
583 2798 619 2844 nt
649 2786 783 2846 nomine
805 2799 929 2848 mutato
953 2783 1198 2868 Massagetaeed

151 2889 248 2955 illnm
271 2878 406 2947 tractum
435 2902 535 2966 prope
563 2885 707 2947 Pontum
726 2887 903 2950 reiicerent.
954 2887 1041 2948 Hinc
1060 2885 1198 2953 Albano·

154 2989 337 3073 posterioria
359 2986 431 3046 aevi
454 3005 508 3047 eoa
532 2985 621 3047 luisse
640 2988 786 3049 adfirmat
809 2991 873 3051 Dio
896 2990 962 3068 69..
983 2999 1039 3067 15.
1074 3008 1115 3051 ex
1135 2991 1197 3070 quo
1237 3012 1240 3033 ·

152 3093 283 3172 repetiit
299 3091 433 3151 Zonaras
456 3107 510 3158 tt.
531 3098 589 3166 24.
625 3090 688 3151 Pro
705 3090 834 3152 Albanis
851 3091 903 3151 alii
925 3103 1055 3173 ponunt
1068 3090 1195 3159 Alanos.

153 3196 204 3253 uti
221 3193 338 3253 docent
360 3194 549 3270 interpretes
567 3189 605 3250 ad
621 3192 763 3252 Dionem
780 3212 807 3253 c.
823 3193 843 3251 l.
873 3208 906 3254 et
923 3176 1095 3269 Lucamss.
1114 3203 1194 3270 225.

153 3296 197 3356 Et
219 3296 258 3355 hc
278 3293 459 3376 Massagetae
480 3305 575 3352 vocat
595 3293 712 3356 Alanos
733 3293 893 3357 Ammian.
914 3308 971 3369 23.
995 3304 1029 3369 5.
1054 3311 1140 3375 quoa
1157 3305 1196 3354 ta·

153 3419 231 3458 rnen
250 3394 415 3478 distinguit
434 3392 599 3456 Claudian.
619 3395 652 3455 in
668 3395 779 3455 sinim.
801 3416 830 3463 t.
849 3409 933 3473 512.
955 3394 1074 3478 (prope
1090 3392 1194 3458 Maeu-

152 3497 223 3584 tin)
253 3511 285 3557 et
312 3499 345 3558 in
373 3495 505 3573 Scythia
529 3496 612 3556 intra
639 3497 764 3557 Imaum
788 3494 884 3557 refert
910 3496 1048 3558 Ptolem.
1075 3497 1120 3567 6,·
1142 3490 1194 3575 ila·
1238 3528 1240 3533 ·

22 3676 27 3689 .
153 3600 294 3665 Hunnoa
319 3600 352 3658 in
388 3597 440 3657 illa
465 3594 538 3658 sede
564 3598 711 3659 conlocat
737 3597 911 3678 Procopina
938 3601 977 3659 de
1004 3597 1043 3659 B.
1067 3592 1196 3661 Vahdtl.

155 3722 188 3775 a,
212 3720 266 3766 11.
291 3713 324 3762 et
341 3697 518 3785 saepqdibi
534 3698 711 3780 promiscue
729 3701 833 3782 ponit.
870 3701 923 3761 Sic
938 3700 1096 3784 Evagriua
1112 3708 1149 3781 3.
1166 3717 1195 3763 u.

150 3805 214 3868 Atti
232 3806 271 3865 ad
286 3800 422 3885 Abasgoe
442 3798 596 3862 referunt.
649 3801 714 3864 Sed
731 3803 800 3864 vid.
815 3803 952 3864 Stritter.
976 3803 1009 3862 in
1031 3801 1197 3865 memoriie

151 3905 348 3989 populorum
367 3931 418 3947 -
439 3904 479 3964 Τ.
501 3924 530 3965 ι.
548 3923 578 3985 p.
598 3915 681 3981 531.
698 3916 766 3963 not.
785 3902 817 3964 h.
845 3915 877 3965 et
894 3922 975 3983 qnae
989 3904 1145 3965 notantur
1160 3900 1198 3964 ad

152 4008 313 4070 Atnmian.
329 4025 355 4064 c.
373 4005 396 4065 l.
448 4005 609 4085 Equidem
628 4006 681 4065 hic
700 4024 757 4085 per
775 4001 883 4066 seriem
900 4001 1045 4065 recensue
1061 4006 1100 4066 ad
1117 4004 1199 4087 Hyr·

154 4105 261 4172 neniae
283 4108 444 4176 orientem
466 4108 502 4170 in
523 4106 686 4194 Margiana
709 4125 784 4170 cum
806 4107 996 4171 Ptolemaeo
1024 4105 1198 4192 posuerim.
