2634 4716
268 402 484 465 rnffronr
513 350 622 521 nnn
663 400 744 459 nr
784 375 903 464 cirri
944 405 1023 476 ιι
1102 401 1166 482 ³⁶⁷

128 574 244 642 bulmo
259 578 480 666 recipiendum
497 576 582 661 epod
596 564 787 640 Terentium
796 578 957 644 Eunucho
974 572 1023 668 [3.
1041 592 1074 650 α,
1090 564 1171 669 24]

131 681 202 744 Fac
213 680 413 762 periculum'
400 700 434 740 ιιι
444 679 553 751 sitem
569 668 666 769 foc
654 699 686 740 m
705 678 876 772 palaestra,
895 672 990 773 fac
978 702 1011 742 m
1026 678 1137 772 mus
1108 703 1168 747 crs

128 775 194 845 Sed
216 796 250 851 et
270 781 472 864 Capitolinus
493 778 534 844 de
556 779 735 844 Pertinace.
763 775 852 867 [cop.
872 776 927 870 ι]
961 784 1047 844 Prer
1066 783 1169 845 literis

129 881 340 945 elementariis
355 895 387 945 er
406 880 527 946 calculo
549 879 706 954 imbutum
738 882 794 943 ubi
816 884 897 948 male
919 886 1169 967 interpretantur
1228 956 1235 969 ,Ι
1309 858 1312 863 ”

129 986 196 1046 viri
214 983 302 1046 docti
314 983 357 1046 de
371 982 629 1048 Gmmmoticisio.
682 982 767 1044 Nam
784 984 862 1065 quid
881 1003 963 1068 opue
979 983 1082 1047 suisset
1095 1004 1168 1049 mo-

128 1104 217 1156 nere,
242 1085 441 1148 Pertinacem
456 1083 596 1146 didicisse
612 1086 728 1171 legere.
763 1086 911 1170 intellige
925 1088 1083 1148 elementa
1103 1106 1172 1148 mo«

129 1184 266 1258 theseoe,
292 1204 372 1268 quoe
386 1183 536 1270 στοιχεῖα
559 1185 814 1250 vocantGraeci.
852 1188 896 1248 Et
910 1187 951 1249 fic
965 1188 1041 1250 alibi
1057 1188 1169 1252 literae

129 1307 192 1372 pro
212 1289 356 1350 numerio
374 1284 473 1371 serpe.
533 1285 661 1350 Notum
684 1289 772 1350 enim
799 1289 882 1370 opud
906 1307 1020 1353 omnes
1044 1293 1172 1375 genter,

131 1402 300 1471 enteqrmm
324 1385 434 1461 cisree,
460 1407 536 1470 quae
558 1407 728 1461 vocemur,
756 1389 853 1451 essent
877 1403 1035 1473 repertu,
1062 1393 1173 1454 literae

131 1510 190 1575 pro
213 1491 356 1553 numeris
374 1491 409 1551 in
433 1488 491 1551 usu
511 1487 611 1552 suisie.
639 1524 690 1539 -
740 1490 840 1553 Recte
858 1492 1017 1554 autemid
1035 1493 1172 1556 illorum

130 1605 354 1679 commentum
375 1589 435 1653 esic
450 1591 546 1652 dicit:
579 1590 780 1667 Phoenicum
799 1592 890 1655 enim
910 1593 1084 1655 inventum
1107 1593 1174 1656 esic
1236 1588 1239 1593 ’

128 1693 373 1765 drithmeticem
403 1707 436 1754 et
458 1691 692 1757 Astronorniam
723 1692 874 1755 testantur
906 1713 981 1765 cum
1004 1682 1172 1758 innumeri

130 1797 202 1867 elii,
229 1808 300 1856 rom
320 1795 488 1876 praecipue
503 1792 634 1865 Strabo,
659 1808 693 1857 et
707 1792 789 1857 hanc
804 1795 934 1877 quidem
948 1812 987 1856 ex
1004 1795 1169 1880 Logisiica,

130 1898 260 1961 alteram
282 1913 361 1959 vero
384 1890 421 1958 ὲιι
442 1894 500 1980 τῆς
525 1891 745 1972 ιυκτοιιλοὶας
764 1890 896 1957 initium
909 1895 1006 1958 'suum
1029 1896 1170 1960 habuisse

132 2001 187 2063 ait.
223 1998 303 2059 Vide
325 1995 419 2056 illum
441 1995 498 2061 lib.
517 1996 574 2060 16.
603 1991 650 2082 [c.
668 1990 711 2082 1.]
746 2014 889 2060 vorervo.
942 1996 1061 2060 Contra
1084 2014 1170 2061 recte

133 2113 248 2165 monet
272 2096 475 2168 Perizonius,
512 2115 627 2160 vocem
652 2096 761 2158 literas
790 2098 834 2160 ite
862 2095 1005 2160 obsolute
1035 2100 1171 2180 positam

133 2202 246 2267 duriue
263 2197 463 2273 etinusrtete
478 2197 519 2259 de
541 2198 683 2265 numerio
698 2198 854 2284 intelligi3
884 2219 945 2260 nec
966 2202 1084 2262 directe
1105 2197 1171 2264 dici

132 2304 231 2392 posse,
256 2320 345 2369 eum.
371 2300 427 2381 qui
448 2318 600 2363 numeror
619 2300 742 2381 primus
758 2299 929 2370 invenerit,
955 2300 1063 2362 literas
1080 2303 1171 2364 inve·
1271 2302 1273 2306 ’

132 2406 222 2470 nisse.
274 2402 413 2483 Lirem,
441 2401 484 2463 ite
503 2398 569 2463 sere
590 2400 779 2463 Perizoniuo
800 2403 918 2485 pergit,
948 2405 1075 2484 proprie
1099 2401 1171 2465 sont

133 2523 230 2572 notae
245 2505 321 2566 certi
336 2500 416 2573 soni,
441 2520 507 2583 quo
521 2521 561 2564 ex
575 2500 686 2563 multis
701 2502 878 2584 composito
897 2506 1117 2586 pronuntiatio
1135 2506 1172 2566 sit
1193 2516 1198 2531 ¹

132 2605 385 2676 vocabulorum
421 2614 515 2684 etque
550 2601 631 2663 adeo
665 2602 825 2665 literarum
857 2624 953 2683 opero
984 2618 1015 2666 et
1046 2586 1171 2669 nostroe

131 2702 351 2775 onimisensuo
370 2704 454 2776 elsio,
486 2701 792 2777 etiamebsentibue,
824 2705 1033 2778 declaramus,
1067 2720 1099 2768 et
1121 2710 1172 2768 vi·

132 2808 235 2877 cissim
267 2807 387 2871 elienor
420 2803 642 2892 cognoscimur
672 2819 768 2886 etque
797 2806 1017 2891 intelligimur.
1083 2809 1171 2871 Hinc

132 2908 247 3000 possim
267 2911 360 2972 litera
382 2920 473 2969 notet
492 2925 601 2968 earnm
623 2920 771 2969 notarum
793 2908 907 2993 figurae
929 2927 963 2968 ac
982 2909 1052 2969 vim
1078 2907 1172 2995 sonoe

133 3015 390 3098 distinguentem.
426 3008 590 3087 Secundae
605 3021 711 3072 autem
727 3027 835 3070 earum
850 3006 922 3071 usne
937 3006 1007 3078 suit,
1028 3023 1074 3079 ut,
1095 3012 1171 3091 quie

134 3118 206 3179 illae
218 3117 380 3176 literanrm
397 3122 492 3172 notae
506 3124 593 3172 certo
608 3123 641 3172 et
657 3109 811 3170 constanti
826 3111 937 3171 ordine
951 3110 985 3170 in
1002 3110 1170 3192 alphabeto

134 3216 366 3282 scribebantur,
398 3209 557 3272 adhibitae
574 3211 692 3293 idcirco
715 3207 835 3271 suerint
857 3212 894 3271 od
917 3231 1070 3272 numeros
1092 3232 1171 3293 quo·

132 3338 197 3403 que
217 3311 428 3380 denotandor.
479 3312 571 3397 Qone
589 3305 714 3373 Voffiue
733 3311 807 3373 ciret
828 3330 868 3372 ex
886 3309 1041 3374 Cicerone
1059 3324 1091 3371 et
1108 3315 1172 3403 .T⁰‘

133 3421 238 3485 rentio
256 3414 398 3479 liberales
413 3411 591 3497 disciplinae
605 3426 729 3483 notant,
754 3413 788 3473 in
804 3411 989 3495 Capitolino
1007 3413 1172 3478 literanrm

132 3521 269 3592 former,
295 3533 328 3580 et
343 3514 528 3596 syllabarum
546 3533 581 3576 ac
601 3514 829 3577 vocabulorum
845 3515 1034 3586 lectionem,
1068 3517 1172 3596 qualia

133 3625 249 3706 utique
275 3629 413 3683 monent
439 3616 486 3678 ilii
512 3615 695 3696 scriptorem
731 3635 896 3678 numerare
918 3629 1025 3696 autem
1050 3615 1172 3679 colonio
1232 3696 1235 3701 1

134 3724 299 3808 [ιριιιιίιιι
320 3718 489 3782 indicetur.
532 3717 628 3779 Ferri
649 3716 750 3800 posset
772 3714 915 3788 vossium·
947 3716 1045 3797 fiper
1067 3717 1171 3779 litem·

131 3846 206 3889 mm
224 3841 333 3907 operte
353 3821 452 3891 etiam
474 3818 716 3882 Arithmetimm
736 3837 811 3880 cum
832 3817 1003 3881 ciacconio
1021 3816 1170 3882 voluisset

132 3928 337 4013 designatam,
354 3921 406 3986 sed
419 3933 541 4006 praeter
553 3933 586 3981 et
600 3920 669 4002 poss
681 3917 886 4000 scriptionem
900 3917 997 3999 ipsam
1014 3933 1047 3980 et
1059 3919 1169 3982 lectio·

132 4050 211 4093 nem
231 4015 402 4090 liternum.
441 4021 573 4086 Accedit
587 4021 637 4084 hie
657 4021 821 4091 omnibus,
844 4022 930 4102 quod
949 4020 1058 4081 Graeci
1074 4022 1167 4101 pleri·

131 4151 195 4216 que
218 4143 252 4195 et
273 4128 413 4194 Romani
427 4125 604 4192 Phoenica·
619 4143 654 4189 te
672 4142 745 4189 vera
767 4120 889 4187 iaciunt
909 4122 1031 4208 primm
1054 4125 1169 4199 invene
