2634 4716
214 422 268 480 1u
295 416 432 509 roua.
462 418 569 476 uer.
611 408 692 479 ω.
734 406 854 481 exv.
895 418 973 488 ee.
1048 424 1112 497 443

69 617 95 660 a
107 585 337 689 septemtrione
348 586 518 679 *flexusque
536 580 718 679 immensum
733 590 794 652 iter
807 593 950 674 quaerit.
981 590 1111 676 Nempe

69 702 156 761 inter
171 697 292 778 aliquot
306 695 402 757 maria
420 695 554 755 flexibus
569 705 742 774 torquetur,
769 691 822 756 sed
841 695 877 755 ia
892 695 1017 756 nullum
1035 698 1111 768 exit.

68 800 130 865 uili
148 800 183 861 in
203 799 337 878 Lycium
356 795 411 858 seu
428 796 665 878 Pamphylium.

148 1014 267 1064 totus
291 1013 337 1061 ut
358 998 436 1082 -)
485 1003 535 1062 De
552 999 668 1060 horum
683 999 856 1062 verborum
873 1012 906 1063 et
923 1002 1060 1064 lectione
1078 1014 1114 1064 et

70 1102 161 1167 seusu
189 1101 269 1171 saria,
303 1104 429 1184 opinor,
463 1103 639 1185 expositum
662 1100 705 1163 eil
728 1105 761 1162 in
788 1106 874 1177 uotis
898 1104 1013 1165 critieia
1039 1124 1112 1188 pag.
1229 1102 1232 1106 ’

69 1218 147 1284 472
163 1204 225 1286 sqq.
262 1204 333 1265 Hoc
348 1223 451 1265 unum
466 1204 612 1265 adiiciam
627 1205 696 1273 hic,
719 1207 806 1285 quod
824 1204 967 1267 Huetiue
980 1207 1013 1265 iu
1029 1206 1112 1267 libro

70 1306 144 1370 hill.
167 1308 212 1367 du
233 1324 413 1368 commarca
434 1324 501 1387 cap.
520 1307 576 1391 56.
601 1325 632 1388 p.
655 1316 740 1383 403.
764 1307 807 1365 ita
830 1307 996 1367 emendat:
1031 1306 1115 1366 idem

70 1419 180 1471 autern
206 1418 238 1469 et
262 1406 361 1469 Tarus
383 1408 405 1467 i.
432 1425 462 1469 e.
484 1409 624 1478 Tauma3
665 1405 735 1469 satie
761 1408 879 1488 lepide.
944 1410 994 1469 De
1020 1409 1117 1471 variie

70 1522 181 1572 autem
197 1509 294 1570 Tauri
315 1508 502 1570 nominibue
516 1523 549 1570 et
564 1507 680 1571 sarribua
700 1521 867 1590 exponunt
883 1511 977 1570 etiam
993 1513 1117 1592 praeter

70 1610 264 1688 l'liuiumfi,
284 1625 343 1681 27.
377 1609 507 1672 Soliuua
524 1630 590 1692 cap.
608 1606 708 1690 41.ss
728 1621 786 1687 38.
820 1610 1050 1687 (drusiacum
1075 1611 1117 1674 lie
1177 1688 1181 1698 Ι

70 1726 112 1774 ut
132 1713 185 1774 alii
207 1714 295 1795 plura
314 1709 458 1775 adierant
478 1714 628 1784 nomina,
654 1712 711 1773 alia
729 1712 885 1797 pauciora.

78 1934 83 1945 ·
149 1914 349 1978 Hemodes
364 1913 441 1995 -)
491 1916 617 1977 Omnae
642 1915 702 1976 hae
726 1915 950 1996 appellationes
976 1917 1117 1980 veniunt

70 2034 113 2081 ex
138 2016 343 2097 expeditione
365 2015 534 2076 Alexandri
551 2015 597 2077 Μ.
630 2018 718 2077 unda
739 2017 879 2097 primum
902 2018 1014 2080 Graeci
1033 2021 1116 2081 hanc

72 2117 312 2180 distinctionem
331 2116 530 2186 didicerunt,
555 2117 589 2176 in
609 2136 670 2197 qua
690 2119 832 2197 primum
854 2136 975 2178 nomen
992 2119 1034 2180 ell
1050 2120 1115 2180 Hc·

72 2219 183 2281 modes
200 2216 220 2279 s.
239 2221 368 2288 Imaus,
399 2218 455 2298 qui
472 2231 589 2278 tractae
611 2228 784 2278 montanus
806 2218 931 2277 ludiaua
953 2218 1119 2303 distinguit

72 2339 93 2382 a
108 2321 254 2400 Scythia,
282 2332 379 2402 prout
393 2320 490 2381 etiam
513 2308 680 2408 Caucasus
693 2330 725 2378 et
740 2309 973 2410 Paropanifirs,
997 2340 1035 2381 ex
1049 2322 1119 2402 qui·

72 2421 136 2483 bue
157 2414 320 2511 (iuncosus
335 2441 402 2482 uon
419 2422 551 2501 ponitur
567 2417 620 2480 suo
635 2419 718 2482 loco.
746 2417 829 2478 Nam
844 2419 985 2482 nouella
1003 2440 1117 2484 verum

73 2521 248 2586 Caucasum
263 2522 403 2603 antiquie
415 2523 518 2604 poetia
534 2519 738 2592 celebratum,
757 2540 813 2601 per
826 2520 1017 2585 Promethea
1029 2535 1118 2605 patet

73 2643 115 2687 ex
137 2625 212 2694 litu,
247 2642 344 2705 quem
366 2642 434 2705 cap.
458 2641 512 2702 ¹9·
538 2643 552 2682 ι
560 2636 593 2701 3.
617 2620 746 2702 praehet
766 2618 923 2684 Caucasis
938 2625 1116 2696 montibua,

74 2740 112 2787 ut
135 2726 253 2787 idcirco
275 2723 358 2785 Mela
382 2723 549 2787 indulserit
571 2722 791 2807 appellationi,
825 2743 920 2804 quam
944 2726 1118 2788 creduntur

74 2826 271 2889 Macedones
301 2824 448 2886 indidisse
478 2827 523 2885 illi
551 2825 662 2885 tractui
693 2838 850 2888 montano
875 2825 913 2884 ad
939 2828 1117 2889 iactantiam

75 2928 291 3010 expeditionis
316 2927 486 2988 Alexandri
508 2925 554 2987 Μ.
582 2926 731 3011 gloriam,
765 2925 847 3007 quali
870 2925 921 2986 illa
951 2925 980 2988 se
1009 2942 1119 2990 exten·

75 3028 168 3091 disset
199 3030 239 3090 ad
265 3046 378 3089 verum
406 3025 590 3090 Caucasum.
633 3046 658 3089 r.
683 3045 880 3089 oxonovave
904 3028 982 3091 MS.
1043 3028 1115 3094 Vid.

43 3122 46 3129 ’
75 3130 245 3212 deluaepe,
272 3145 306 3193 et
320 3131 362 3192 de
375 3127 520 3192 Hemode
533 3129 572 3191 ad
590 3141 622 3208 3,
640 3142 673 3206 7,
691 3129 726 3192 6.

154 3322 402 3424 Caucasus)
452 3331 506 3394 ste
527 3330 632 3394 dictae
653 3328 715 3392 suit
734 3351 751 3394 a
768 3330 913 3404 Graecia,
938 3352 1041 3414 quum
1063 3353 1119 3396 ve·

47 3418 55 3427 .
74 3454 151 3500 mm
165 3437 234 3497 eiua
253 3452 375 3497 nomeu
389 3431 465 3495 esset
481 3424 674 3525 Graecasus.
697 3434 759 3494 hoa
777 3434 830 3503 eil.
856 3435 933 3496 nire
952 3435 1119 3502 candiduai

75 3540 141 3603 Sed
159 3538 286 3599 Graecia
310 3530 510 3597 notillrmum
526 3548 591 3597 erat
606 3534 734 3598 cauom
755 3536 877 3597 muntia
890 3555 1011 3598 nomeu
1034 3538 1119 3600 inter

75 3640 247 3704 Euxinum
263 3653 295 3699 et
309 3635 459 3719 Caspium
475 3652 562 3699 mara
584 3635 641 3706 liti,
667 3649 700 3699 et
719 3637 793 3699 ideo
809 3638 843 3697 iu
858 3636 1037 3708 Orientem,
1060 3638 1118 3700 ubi

76 3741 223 3805 uomiuia
242 3759 327 3822 pene
346 3739 508 3810 eiuulem,
541 3738 594 3799 vel
621 3752 707 3799 certe
731 3739 888 3820 proximi,
922 3741 1120 3801 invenerunt

76 3854 246 3911 montem,
279 3840 517 3902 transtulerunt.
565 3839 646 3901 Vide
680 3838 863 3901 Salmasrum
896 3840 935 3902 ad
968 3841 1119 3903 Solinum

10 3980 31 4019 τ
76 3965 111 4032 p.
129 3954 214 4021 788.
238 3939 279 4028 [s.
298 3934 409 4027 554]
432 3954 464 4002 et
485 3960 539 4001 me
560 3941 594 4001 in
616 3939 731 4003 Curtio
747 3942 909 4002 vindicato
929 3961 961 4021 p.
985 3955 1064 4020 137.
1088 3954 1121 4006 et

10 4030 29 4055 “
50 4092 53 4097 ⁴
79 4059 167 4124 e57.
193 4043 250 4104 ubi
272 4056 305 4105 et
326 4045 368 4104 de
381 4040 586 4121 Parapamiso
600 4043 652 4125 egi
670 4040 806 4105 lludiose
825 4055 857 4104 et
879 4042 920 4104 de
935 4042 1119 4126 Paropami-

77 4148 160 4214 sadia
173 4148 212 4209 iu
228 4162 341 4210 moute
356 4142 414 4210 illo
436 4139 656 4225 habitantium
674 4163 707 4228 p.
732 4153 812 4224 134.
830 4156 865 4207 et
879 4142 944 4228 sqq.
978 4162 1119 4211 rantzo-
