2634 4716
163 413 218 471 IN
247 411 387 471 POMP.
417 410 528 469 Mul..
567 411 648 469 L.1.
689 409 810 473 (ΗΠ.
853 409 879 482 b.
903 426 932 468 2.
983 362 988 371 θ
1017 418 1078 479 17ι

31 586 81 653 sie
97 583 153 649 sua
170 598 272 649 aetate
288 585 445 668 oppidum
462 599 696 649 commemorat
706 554 825 647 ¹Liviuu
838 600 895 667 52,
914 600 947 667 7,
964 599 1002 666 5,
1018 584 1078 647 ubi

33 704 105 751 aute
126 688 294 751 castrorum
323 684 427 749 fuerat
448 691 641 771 portorium.
695 690 845 750 Varronis
868 688 960 751 castra
991 687 1080 771 apud

36 788 163 854 suanos
184 802 312 852 auctore
333 786 463 853 Caesare
484 787 519 850 in
539 791 652 851 urbem
672 790 870 854 tranfieruut.
904 790 1018 854 Strabo
1041 799 1079 868 4.

38 912 67 975 p.
85 902 168 971 142.
186 889 209 955 s.
222 892 307 955 206.
340 887 391 955 Cf.
409 890 586 954 Casaubou.
603 893 646 971 ad¹
657 892 805 953 Suetonii
822 894 902 975 Aug.
919 912 946 955 c.
966 902 1021 969 18.
1044 904 1080 954 et

40 980 224 1057 Hofftnauu.
240 992 279 1054 ad
297 992 430 1055 Oracuia
445 994 559 1073 Sibyll.
580 1015 612 1077 p.
629 995 688 1057 6ο.
720 994 763 1055 Et
779 994 903 1059 [idalia.
945 993 1081 1055 Factum

42 1094 98 1157 boc
116 1109 225 1157 autern
246 1094 290 1157 ett
309 1095 446 1157 maxime
469 1097 598 1179 prolatio
619 1097 747 1176 imperii
770 1096 888 1159 finibue
910 1109 999 1157 metu
1022 1095 1082 1156 bo·

46 1196 358 1268 diminuendam,
384 1198 487 1259 veluti
508 1199 543 1259 in
567 1198 728 1269 Danubii,
755 1199 879 1266 Rheni,
908 1196 1081 1279 Euphratis

48 1300 124 1381 ripis.
169 1299 243 1362 vid.
276 1297 479 1362 Poefcheliue
507 1301 547 1361 ad
573 1298 689 1378 Polyb.
721 1301 760 1360 do
795 1300 909 1361 militia
936 1290 1083 1361 Romana

50 1420 77 1481 p.
97 1410 175 1480 174.
202 1401 289 1461 Hinc
304 1416 337 1493 et
351 1392 501 1487 Ku‘orpn.
522 1392 662 1487 udorpux
679 1420 696 1461 a
714 1400 939 1483 posterioribus
955 1400 1083 1463 Graecia

52 1520 107 1565 nou
120 1520 190 1565 raro
205 1517 436 1571 memorantur,
459 1500 550 1583 burgi
565 1502 679 1563 nostris
694 1500 907 1583 scriptoribus.
941 1502 1084 1565 Plurima

54 1604 200 1665 eiusmodi
224 1603 316 1665 castra
340 1603 505 1665 recensent
531 1604 691 1673 Orteiiua,
731 1604 889 1666 Ferrariuo
909 1604 1025 1685 aliique
1048 1608 1084 1687 in

56 1703 173 1775 lexicis,
195 1702 297 1767 multa
312 1706 346 1766 in
361 1707 523 1768 itinerario
539 1707 688 1786 producit
698 1688 901 1779 Antoninus;
928 1706 967 1767 de
982 1704 1085 1769 castris

55 1805 195 1877 Varianis,
230 1805 400 1869 Marciani·
423 1809 491 1870 vid.
513 1808 626 1869 Laziua
651 1807 685 1877 iu
713 1808 849 1889 reipubl.
876 1808 973 1869 Rom.
998 1828 1085 1869 coru·

55 1908 201 1971 mentariie
216 1906 274 1971 lib.
293 1927 351 1973 12.
368 1928 435 1991 cap.
453 1922 488 1987 5.
503 1922 538 1969 et
550 1929 584 1993 4.
619 1909 699 1969 Eiua
717 1922 822 1970 tamen
840 1911 940 1971 morio
954 1908 1085 1995 vestigia

56 2007 152 2071 tauto
168 2010 336 2072 Herodoto
356 2026 388 2080 Ω,
410 2022 491 2091 ι64.
510 2013 555 2071 in.
580 2010 748 2092 adparent,
776 2012 831 2091 qui
855 2023 960 2072 narrat
979 2009 1085 2073 Ptan-

17 2138 22 2151 ·
57 2112 235 2181 metichum.
258 2113 399 2197 Aegypti
419 2131 530 2196 regem
553 2110 685 2173 lunibua
700 2127 733 2173 et
748 2111 900 2182 Caribus,
926 2132 943 2173 a
965 2112 1086 2193 quibua

57 2210 168 2277 adiutus
180 2210 302 2286 fuerat,
328 2232 422 2299 agros
438 2211 607 2298 adfiguaffe
625 2227 659 2273 et
677 2208 888 2301 στρατόπεδα
909 2212 1085 2296 adpeltaffe.

13 2328 20 2483 Ι
118 2416 296 2498 Laelia)
349 2416 397 2478 lta
420 2435 537 2498 nempe
558 2435 616 2499 pro
632 2414 745 2488 Denta
765 2413 906 2496 reposui.
939 2432 1013 2477 cum
1030 2400 1089 2476 virt

13 2500 17 2593 J
62 2517 196 2580 credibile
212 2518 264 2589 lit,
286 2519 326 2579 ab
346 2519 481 2579 homino
499 2515 646 2587 obscuro,
676 2519 716 2578 de
732 2518 824 2579 cuius
840 2518 972 2597 quidem
987 2529 1085 2601 gente

13 2636 16 2651 ·
62 2619 188 2699 exposuit
198 2620 373 2681 Lambinus
387 2620 427 2680 ad
438 2620 550 2681 Horat.
568 2635 602 2681 o·
616 2621 669 2682 od.
688 2632 722 2698 5.
744 2636 866 2679 nornen
883 2619 955 2681 loco
973 2618 1086 2679 datum

13 2702 16 2713 ¹
62 2713 145 2786 iuilie.
181 2724 224 2785 At
240 2719 389 2803 frequens
404 2720 448 2781 est
463 2720 500 2783 G.
515 2721 615 2781 Laelii
631 2722 664 2783 in
681 2720 774 2783 bellio
790 2718 943 2781 Africauio
960 2720 1086 2783 tuentio

13 2724 22 2918 ι
63 2824 130 2899 apud
148 2824 333 2904 Polybium,
355 2823 500 2895 Livium,
525 2824 615 2887 alios.
654 2822 732 2887 Fuit
753 2822 780 2886 ie
795 2841 904 2885 cornea
919 2834 952 2884 et
965 2823 1089 2885 amictu

12 2923 19 3007 Ι
64 2918 215 3007 Scipionis.

127 3125 351 3210 Cornelio)
387 3126 485 3190 Nulla
500 3128 540 3189 de
556 3127 605 3189 his
620 3126 790 3197 dubitatio,
814 3126 923 3188 immo.
932 3124 1089 3189 memoria

67 3232 188 3293 maxime
213 3231 356 3295 celebria.
409 3231 611 3293 Ptolemaeus
627 3239 663 3307 4.
685 3243 718 3310 5.
746 3242 839 3293 vocat
862 3222 1089 3317 παρεμβολὴν,

66 3324 183 3411 Appian.
203 3332 245 3393 de
266 3334 307 3398 B.
322 3334 397 3398 Cir.
422 3348 455 3403 u,
478 3342 539 3411 44.
554 3353 598 3394 m.
622 3323 781 3421 Kaipiana,
811 3327 918 3421 ctrstro
941 3328 1092 3393 Cornelia

67 3421 137 3497 Plin.
150 3447 182 3513 5,
202 3448 235 3515 5.
254 3432 276 3497 s.
290 3446 327 3514 4.
365 3432 555 3497 Cotrteb'aua
569 3433 679 3497 Caesar
694 3435 735 3496 de
749 3434 788 3495 B.
805 3432 904 3495 civil.
920 3448 953 3501 2,
968 3441 1029 3511 24.
1044 3432 1090 3495 in.

69 3541 95 3587 tt
112 3550 165 3615 25.
210 3537 356 3601 Concedo
379 3551 487 3601 tamen
512 3538 577 3600 duo
597 3538 727 3601 -coalicee
755 3535 909 3597 exhibent
928 3536 962 3595 in
989 3533 1091 3615 priori

69 3623 139 3709 beo,
162 3639 271 3722 plures
285 3660 352 3723 cap.
370 3654 428 3719 57.
460 3640 547 3720 quod
567 3638 681 3721 probat
697 3637 907 3717 Oudendorp.
921 3636 960 3697 ad
977 3649 1011 3705 o,
1029 3644 1088 3713 24.

13 3732 17 3745 '
70 3743 259 3810 quemetiam
276 3740 405 3805 consule
420 3742 458 3803 ad
474 3742 593 3805 Lucan.
610 3752 645 3820 4.
661 3742 746 3819 656.
784 3740 1003 3805 Dictaautem
1020 3733 1092 3797 suut

69 3839 245 3908 teornelio
263 3845 430 3926 Scipione,
459 3844 515 3925 qui
540 3844 631 3906 castra
656 3842 788 3904 hiberna
809 3842 844 3903 iu
866 3838 1091 3922 promontorio

68 3930 172 4027 (prope
193 3944 341 4029 Uticam)
370 3948 565 4009 communiit
587 3963 718 4027 unoque
739 3943 823 4005 vallo
850 3942 948 4003 etiarn
970 3939 1092 4001 navalia

17 4024 33 4131 1⁵
69 4043 146 4109 ttstra
160 4049 327 4131 amplexor
343 4047 404 4120 est,
425 4060 462 4109 ut
471 4047 569 4112 refert
583 4048 698 4123 Liriuo
713 4063 769 4125 09,
788 4056 847 4124 55.
862 4040 885 4106 i.
924 4042 977 4104 Sic
990 4041 1091 4104 Iuliut

69 4140 165 4215 Caesar
186 4151 227 4215 de
246 4150 286 4217 B.
303 4152 379 4231 Ciu.
401 4165 435 4225 Ω,
459 4160 519 4234 94.
546 4151 627 4215 dicit
648 4153 755 4233 iugum
776 4146 932 4215 directum
953 4143 1093 4207 amincus
