2634 4716
204 378 963 459 rnroua.uat„t.r.oxu.t‚2.
1043 378 1110 471 ³⁶2
1190 374 1193 378 ’

63 556 196 621 iliorum
213 553 455 639 navigationem
483 572 562 636 quar
576 552 640 615 iam
655 565 728 616 aute
743 555 923 617 Homerum
944 570 1108 626 tentarunt

65 660 148 720 ultra
168 657 334 719 columnae
352 655 515 724 Herculia,
538 654 747 736 coloniaeque
763 658 797 717 in
820 655 1001 740 Hispaninn
1020 666 1107 729 aiiaa.

63 780 127 843 qne
148 759 298 842 rrgiouea
315 758 486 827 deductae.
521 755 697 838 dequibus
718 754 758 818 of.
777 746 906 821 Gesner.
923 762 963 823 tie
978 775 1107 851 navigo·

62 860 209 924 tionibus
225 856 310 921 ext'ru
333 858 497 921 uriumuae
513 857 670 927 Herculia.
697 859 731 918 in
746 858 862 941 prosus.
886 882 914 924 ι.
937 864 967 941 §.
985 880 1018 929 α.
1045 869 1106 945 (ad

62 966 180 1027 calcem
203 958 325 1044 Orphei
355 980 387 1042 p.
406 973 480 1038 425
499 958 583 1041 sqq.)
615 970 649 1024 et
675 960 708 1020 in
731 961 845 1043 primia
871 960 1046 1029 Bochartua
1069 970 1106 1051 iu
1197 1041 1201 1053 Ι

63 1064 233 1132 Chariten,
265 1063 319 1143 qui
345 1061 427 1123 hano
458 1062 587 1122 aiteram
614 1061 835 1146 Geographire
863 1061 960 1129 sacrie
982 1082 1107 1149 pattena

62 1164 266 1229 Phoenicum
305 1162 402 1225 rebua
443 1163 543 1225 dedit.
619 1162 820 1225 Phoenicum
859 1180 966 1227 autem
1001 1173 1105 1250 ¹primi
1200 1240 1202 1245 ,

64 1268 159 1349 Tyrii
185 1280 270 1327 mare
302 1265 425 1347 experti
458 1264 624 1334 dicuntur,
668 1264 703 1324 in
728 1282 823 1345 quarn
856 1286 925 1329 rem
955 1270 1105 1336 Tibullus

68 1388 101 1441 ι,
116 1386 150 1449 7,
165 1382 226 1431 ao.
257 1366 373 1427 Prima
397 1378 497 1427 ratem
521 1366 627 1427 veritis
651 1363 771 1427 credere
793 1365 892 1428 doctu
921 1368 1034 1450 Tyros,
1062 1374 1105 1438 ati
1157 1408 1161 1419 ·

63 1489 159 1553 quem
176 1470 283 1531 iocum
299 1464 338 1530 ef.
357 1466 484 1546 Hayne.
524 1467 628 1528 Valuit
643 1465 706 1528 huc
720 1467 856 1529 siderum
872 1473 1028 1552 cognitio,
1052 1477 1104 1537 cui

62 1571 245 1636 Phoenices
262 1571 401 1645 maxime
423 1568 598 1639 studebant,
624 1580 660 1628 ut
679 1586 720 1630 ex
738 1565 829 1650 iupra'
848 1570 941 1633 ‹lictia
963 1573 1103 1642 discitur.

61 1674 114 1737 De
139 1670 271 1754 ipsarum
294 1683 401 1731 autem
425 1672 558 1731 navium
577 1670 740 1755 varlarunr
755 1650 979 1736 inventoribus
1001 1675 1106 1740 brevi·

61 1788 114 1837 ter
136 1769 283 1856 exposuit
304 1771 430 1833 Plinius
446 1785 479 1846 7,
494 1783 553 1847 57.
568 1769 589 1832 s.
610 1771 669 1848 56.
692 1770 847 1852 prolixiu·
868 1785 900 1833 et
920 1775 991 1837 data
1006 1797 1104 1859 opera

60 1858 257 1944 Seheffema,
283 1867 406 1943 recessu
430 1871 532 1935 nosira
555 1884 655 1934 aetate
672 1872 701 1933 le
715 1873 798 1951 iioy.
836 1874 887 1934 Ex
904 1876 944 1938 iia
957 1876 1104 1960 cymbam

59 1977 242 2043 Phoenices
263 1971 417 2036 iuvenisse
441 1970 545 2033 scribit
563 1973 704 2043 Plinius,
731 1974 940 2057 Danaumque
960 1981 1104 2059 primum
1142 1976 1145 1981 ’

59 2098 148 2143 nare
163 2078 196 2138 in
215 2076 378 2139 Graeciam
396 2092 435 2135 ex
456 2075 605 2157 Aegypto
625 2075 800 2144 advenisse.
828 2092 901 2136 cum
922 2092 1011 2141 antea
1032 2084 1106 2146 rati·

61 2180 124 2243 bue
145 2178 356 2261 navigaretur,
383 2175 525 2238 inventia
546 2172 582 2237 in
604 2175 684 2235 mari
712 2173 930 2238 liubro‘inter
953 2178 1104 2247 insulana

59 2300 139 2368 rege
154 2278 309 2359 Erythra3
334 2277 420 2359 quod
437 2276 571 2358 quidem
585 2294 652 2339 nou
667 2290 822 2360 repugnat
843 2291 971 2359 propter
989 2282 1105 2365 prisea·

60 2382 268 2449 Phoenicum
285 2377 370 2441 [adea
388 2379 426 2439 ad
444 2379 521 2439 iilud
537 2396 641 2446 mare,
668 2376 754 2436 uude
773 2390 872 2438 terrie
887 2393 979 2443 ruotu
995 2387 1104 2447 vexati

61 2486 98 2547 in
114 2484 196 2547 hauc
209 2500 296 2546 oram
311 2478 499 2550 concessere,
513 2479 562 2540 uti
577 2478 704 2541 tradunt
717 2476 874 2541 Herodot.
891 2497 918 2551 t,
937 2500 967 2547 t·
992 2496 1025 2559 7.
1039 2496 1102 2566 89·

59 2585 176 2653 Strabo
197 2605 224 2649 1.
242 2603 273 2665 p.
285 2578 375 2661 29.s.
386 2592 447 2661 42.
467 2581 582 2661 aliique
595 2579 679 2662 apud
694 2578 856 2641 Fuiierum
874 2581 907 2643 irr
925 2581 1100 2652 Miscellan-

60 2689 145 2753 saer.
160 2697 195 2765 4,
213 2699 272 2746 ao.
286 2704 317 2766 p.
328 2695 412 2760 577.
443 2683 490 2744 De
508 2682 605 2742 Dinai
620 2694 729 2743 autam
745 2683 951 2765 navigatione
965 2682 1006 2751 es.
1022 2708 1104 2771 quaa

60 2790 203 2873 diaputat
220 2784 398 2850 Schefferur
414 2783 454 2845 de
469 2783 584 2845 militia
597 2783 704 2845 navali
724 2802 752 2853 r,
772 2797 805 2845 a.
824 2804 856 2866 p.
875 2799 935 2848 ao.

137 2976 272 3080 classe
296 2976 536 3076 confligere
544 2984 564 3067 )
613 2982 818 3049 Cretensibus
839 2985 967 3050 Soliuue
988 2990 1103 3055 tribuit

61 3072 133 3177 ἀρ.
156 3105 213 3168 17.
241 3085 285 3178 [i.
307 3108 362 3154 tt.
388 3087 463 3149 ubi:
487 3089 616 3158 Prima,
642 3087 754 3156 Creta,
778 3089 860 3148 mari
877 3090 985 3167 potuit
1009 3097 1103 3156 navi·

60 3186 154 3279 bun]
186 3209 365 3255 acuorrva.
416 3190 521 3251 Prima
541 3187 661 3250 navalia
682 3208 791 3271 pugna
805 3189 922 3249 dicitur
939 3194 1103 3263 commissa

61 3317 79 3359 a
97 3292 308 3357 Samiramide
329 3291 368 3353 ad
391 3290 510 3351 ludum
527 3289 648 3351 flumen
670 3309 743 3351 curn
765 3308 839 3372 rege
861 3291 1033 3361 indorum.
1061 3296 1104 3358 de

63 3414 125 3480 qua
143 3394 278 3457 Diodor.
294 3393 356 3455 Sic.
374 3407 407 3462 a,
428 3404 482 3469 ιθ.
509 3408 693 3452 oaauvtrar
739 3390 825 3451 Haec
841 3393 971 3453 ridetur
984 3393 1023 3455 ab
1041 3394 1106 3459 He·

62 3499 183 3562 rodoto
203 3493 312 3557 haberi
335 3496 369 3555 iu
393 3493 493 3576 princ.
512 3490 586 3553 iibri
606 3511 636 3556 r.
658 3507 787 3574 propter
802 3506 925 3574 raptum
943 3494 1103 3577 Europae.

62 3617 162 3683 quem
193 3596 371 3659 voluerunt
399 3595 571 3656 vindicare.
607 3610 632 3654 1.
656 3612 852 3655 oaouovrve
869 3592 945 3657 MS.
998 3592 1104 3661 Sosini

64 3702 157 3765 ioeua
177 3696 292 3782 spectat
313 3693 511 3759 Cretensium
531 3696 564 3756 in
587 3694 698 3776 primia
720 3693 774 3754 sub
798 3694 910 3758 Minoe
931 3690 1106 3765 Suierro·

66 3796 206 3889 κρατὶαν
228 3797 299 3860 satia
319 3811 446 3865 notam.
472 3797 506 3858 in
528 3815 591 3878 qua
612 3812 719 3859 tamen
739 3807 829 3858 antea
849 3796 1028 3859 Phoenicea
1051 3818 1105 3865 va·

64 3904 214 3973 luerunt,
240 3917 377 3981 quorum
399 3898 562 3960 latrocinia
581 3891 895 3963 coniectir'navibur
911 3898 1106 3978 compescuit

60 3995 188 4074 Minoa,
209 4014 245 4063 ut
260 3998 357 4062 refert
371 3998 582 4078 Thucydideo
601 4018 630 4073 t,
647 4010 682 4078 8.
716 3996 813 4061 Plura
826 4001 868 4061 de
881 3998 944 4061 hoc
959 3999 1105 4065 disseruit

63 4103 218 4173 Scholia.
242 4101 282 4164 de
306 4100 423 4162 Militia
445 4101 550 4162 navali
567 4115 601 4180 a,
629 4122 660 4171 ι,
684 4119 717 4183 p.
737 4101 786 4179 56
802 4098 861 4185 sq„
894 4099 946 4162 De
971 4098 1105 4171 samira-

114 4220 211 4296 romp.
229 4217 321 4277 ruera
341 4215 511 4294 ranna
529 4216 553 4273 1.
790 4201 849 4264 Aa
