2634 4716
229 434 273 509 9⁴
501 420 663 483 notua
700 419 1005 479 exeonrrcun

232 612 335 685 patet,
360 599 440 661 circa
456 596 608 661 Colchos.
638 618 661 660 r.
680 616 876 660 oaouorrvs
895 596 972 659 MS.
1014 591 1169 677 Apertiut
1187 603 1271 677 pote·

230 717 276 763 rat
291 702 369 765 haec
383 701 537 762 declarare
552 716 585 763 et
598 700 727 763 brevius
739 697 822 762 forte
836 702 932 762 etiam
946 697 1130 780 complecti.
1155 695 1271 759 Latiari

229 801 433 873 [culusum.
467 818 552 865 certe
573 801 632 864 elle
651 801 798 885 poliunt,
831 802 931 864 Ponti
944 801 1079 863 accolae.
1134 798 1272 861 luvaluit

229 917 340 969 tumen
355 924 394 966 ex
410 905 606 966 Mithridatis
620 904 746 986 pristina
761 903 886 965 ditione
901 904 1006 969 notio.
1028 914 1066 963 ut
1082 898 1175 963 sensu
1194 900 1272 963 diot-

229 1024 341 1070 rentur
367 1007 492 1073 artiori,
528 1023 560 1067 et
584 1025 664 1087 quos
690 1004 729 1067 stc
751 1005 856 1067 noller
876 1004 929 1067 hic
952 1003 1127 1089 intelliget,
1163 1020 1208 1065 ex
1230 1022 1271 1065 rt·

230 1106 327 1173 censu
349 1108 545 1192 populorum
569 1106 659 1169 lacile
680 1104 827 1178 discitur,
859 1125 977 1188 nempe
992 1103 1074 1165 ultre
1086 1104 1269 1183 Bithyniam
1313 1158 1315 1163 .

229 1212 269 1274 ed
289 1211 431 1271 Maeotae
446 1229 558 1290 oeque.
598 1209 650 1272 Sic
666 1221 760 1270 vocat
775 1208 939 1291 Appianua
953 1208 987 1268 in
1000 1202 1097 1288 praei.
1115 1224 1145 1269 c.
1162 1220 1200 1269 2.
1221 1202 1271 1287 qui
1313 1194 1315 1231 ²

230 1312 394 1375 Armeniis
417 1324 450 1373 et
472 1309 713 1395 Cappadocibus
732 1321 822 1371 erant
843 1308 1056 1380 contermini,
1080 1321 1116 1370 et
1139 1306 1271 1369 idemiu

230 1413 384 1477 Mithrid.
400 1433 427 1473 c.
447 1423 509 1493 41.
532 1410 650 1496 separat
664 1431 683 1475 a
695 1410 846 1491 Bithynia
861 1424 894 1475 et
905 1408 1169 1497 Cappadocibus,
1190 1406 1270 1473 etti

229 1513 493 1597 fflmwo
1038 1528 1043 1539 ·

609 1850 643 1919 Ο
665 1848 695 1917 Δ
719 1850 761 1917 Ρ.
819 1852 894 1918 111.

418 2036 561 2087 numo
604 2038 791 2087 nvnom
834 2036 1089 2089 nssscnlmo.

330 2221 363 2305 §.
395 2246 425 2289 1.
477 2224 670 2307 Europa)
721 2225 778 2290 Gr.
800 2214 958 2314 Eitpritnn.
1005 2222 1273 2309 Nominum&

228 2346 305 2392 nem
324 2326 490 2390 obscuram
506 2326 584 2387 dicit
606 2327 765 2392 Herodot.
781 2339 815 2412 4.
833 2340 898 2408 45.Ι
921 2329 979 2389 nist
995 2328 1066 2410 quie
1090 2326 1132 2389 ab
1149 2326 1274 2411 Europ!

227 2431 323 2509 Tyria
346 2427 523 2515 (Agenoris
546 2427 628 2512 filia)
652 2432 764 2502 ducat;
789 2444 824 2493 et
837 2431 878 2492 iic
897 2432 1052 2512 plerique.
1103 2428 1219 2512 Aliqui
1236 2440 1275 2489 tn·

227 2552 305 2594 men
317 2532 414 2591 etiarn
431 2529 470 2590 ab
485 2531 617 2610 Europo
636 2534 716 2602 viro,
732 2545 769 2592 ut
783 2532 928 2593 Euilath.
940 2532 979 2593 ud
994 2527 1132 2609 Dionys.
1147 2550 1185 2595 v.
1198 2544 1275 2607 πο.
1313 2546 1315 2579 ²

233 2634 370 2693 Tzetzes
385 2631 423 2691 acl
439 2631 601 2712 Lycophr.
617 2653 650 2693 v.
667 2644 771 2711 1283.
813 2634 862 2695 Ex
878 2634 1008 2695 Punico·
1019 2633 1111 2693 ducit
1124 2631 1273 2695 Βοῶνι
1313 2656 1315 2663 ·

228 2733 263 2794 in
280 2732 401 2815 Phaleg
417 2742 452 2810 4.
476 2746 534 2811 53.
576 2720 753 2819 Εὖρώπεια
768 2747 801 2797 et
814 2723 969 2820 Er'tpcvnia
984 2728 1096 2817 pamm
1114 2735 1151 2795 in
1162 2734 1273 2817 pontit.
1313 2784 1315 2801 ,

230 2833 348 2914 dequo
366 2833 548 2915 Stephanus
562 2846 595 2894 et
612 2836 683 2897 eiue
699 2835 900 2917 interpretes.
954 2835 1063 2897 lucola
1080 2824 1272 2921 Eipwnain

227 2948 262 2998 et
284 2923 434 3021 Eripiunt}
453 2936 537 3016 apud
560 2936 763 3019 Stephanum
784 2936 1060 3000 consentientibus
1081 2934 1270 2999 auctoribus

227 3038 297 3099 Alia
312 3036 347 3098 ln
364 3035 512 3099 locorum
529 3037 736 3119 expofitione.

305 3204 534 3289 terminos)
582 3203 635 3271 Cf.
661 3208 759 3268 etlam
781 3206 912 3270 Orosius
933 3226 962 3278 ι,
987 3222 1022 3271 Ω.
1074 3208 1128 3269 De
1149 3206 1268 3271 ambitu

228 3310 315 3375 Plin.
332 3320 367 3389 4,
386 3322 443 3389 37.
460 3306 481 3372 l.
497 3322 557 3389 αὖ.
585 3322 618 3371 et
635 3328 714 3391 quae
730 3310 778 3369 ibi
793 3323 948 3373 notantur
964 3312 1043 3371 item
1059 3308 1095 3381 6,
1112 3308 1268 3403 wiza·

306 3476 553 3560 Maeotida)
605 3478 783 3542 Martianus
798 3479 926 3562 Capella
948 3479 1004 3541 lib.
1022 3478 1057 3543 6.
1076 3500 1110 3562 p.
1125 3500 1173 3544 m.
1189 3492 1268 3545 not.

230 3581 398 3660 Europam
430 3580 596 3640 terminari
627 3581 842 3662 Propontidis
864 3573 1024 3671 faucibus
1045 3578 1155 3644 dixere
1178 3598 1268 3667 qum

230 3684 380 3764 pintimi3
412 3700 494 3763 quae
524 3682 702 3761 Propontis
733 3703 790 3760 per
821 3682 989 3775 ongrfinm
1016 3673 1209 3775 descendens
1229 3674 1270 3747 ol

229 3782 430 3847 Maeotiam
448 3801 570 3866 qnoque
589 3773 763 3875 perfertur.
790 3786 850 3862 (al.
866 3775 1064 3875 profertur.)

306 3955 483 4015 Pontum
492 3951 511 4034 )
560 3954 614 4015 sic
634 3947 709 4017 κατ’
729 3940 853 4040 ἐξοχὴν
877 3954 949 4026 vel,
977 3968 1015 4016 ut
1035 3955 1079 4019 est
1099 3956 1189 4040 opud
1206 3956 1269 4023 ste·

230 4056 377 4140 phanum
402 4054 434 4116 h.
458 4075 492 4118 ν.
517 4049 617 4133 ἰδίως,
643 4056 768 4120 Pontus
789 4057 946 4121 Euxinus.
998 4058 1156 4153 Ntfirnm
1176 4076 1268 4121 m

231 4157 282 4223 Cf.
301 4159 341 4220 ad
363 4179 393 4230 ι,
416 4177 445 4231 ι,
462 4164 498 4237 4.
