<?xml version="1.0" encoding="UTF-8"?>
<!DOCTYPE html PUBLIC "-//W3C//DTD XHTML 1.0 Transitional//EN"
    "http://www.w3.org/TR/xhtml1/DTD/xhtml1-transitional.dtd">
<html xmlns="http://www.w3.org/1999/xhtml" xml:lang="en" lang="en">
 <head>
  <title>
</title>
<meta http-equiv="Content-Type" content="text/html;charset=utf-8" />
  <meta name='ocr-system' content='tesseract 3.04.00' />
  <meta name='ocr-capabilities' content='ocr_page ocr_carea ocr_par ocr_line ocrx_word'/>
</head>
<body>
  <div class='ocr_page' id='page_1' title='image "./desitvorbislibr00melagoog_0182.png"; bbox 0 0 2634 4716; ppageno 0'>
   <div class='ocr_carea' id='block_1_1' title="bbox 303 403 1206 501">
    <p class='ocr_par' dir='ltr' id='par_1_1' title="bbox 303 403 1206 501">
     <span class='ocr_line' id='line_1_1' title="bbox 303 403 1206 501; baseline 0.008 -38"><span class='ocrx_word' id='word_1_1' title='bbox 303 403 781 479; x_wconf 74' lang='lat' dir='ltr'>1rtrour.utat.,1.1.</span> <span class='ocrx_word' id='word_1_2' title='bbox 822 405 856 465; x_wconf 75' lang='lat' dir='ltr'>c.</span> <span class='ocrx_word' id='word_1_3' title='bbox 881 405 950 501; x_wconf 60' lang='lat' dir='ltr'><strong>vtt.</strong></span> <span class='ocrx_word' id='word_1_4' title='bbox 986 409 1064 478; x_wconf 67' lang='lat' dir='ltr'>§.n</span> <span class='ocrx_word' id='word_1_5' title='bbox 1141 426 1206 488; x_wconf 81' lang='lat'>¹77</span> 
     </span>
    </p>
   </div>
   <div class='ocr_carea' id='block_1_2' title="bbox 138 578 1201 1073">
    <p class='ocr_par' dir='ltr' id='par_1_2' title="bbox 138 578 1201 1073">
     <span class='ocr_line' id='line_1_2' title="bbox 141 578 1201 667; baseline 0.004 -22"><span class='ocrx_word' id='word_1_6' title='bbox 141 586 239 667; x_wconf 62' lang='grc' dir='ltr'>φα</span> <span class='ocrx_word' id='word_1_7' title='bbox 262 582 435 644; x_wconf 86' lang='lat' dir='ltr'>nominant</span> <span class='ocrx_word' id='word_1_8' title='bbox 456 579 587 643; x_wconf 79' lang='lat' dir='ltr'>(lamera</span> <span class='ocrx_word' id='word_1_9' title='bbox 609 593 643 643; x_wconf 91' lang='lat' dir='ltr'>et</span> <span class='ocrx_word' id='word_1_10' title='bbox 664 578 790 643; x_wconf 84' lang='lat' dir='ltr'>Duker.</span> <span class='ocrx_word' id='word_1_11' title='bbox 815 581 854 643; x_wconf 89' lang='lat' dir='ltr'>ad</span> <span class='ocrx_word' id='word_1_12' title='bbox 878 583 1009 644; x_wconf 85' lang='lat' dir='ltr'>Florum</span> <span class='ocrx_word' id='word_1_13' title='bbox 1026 590 1059 664; x_wconf 73' lang='grc'><strong>4.</strong></span> <span class='ocrx_word' id='word_1_14' title='bbox 1086 600 1118 655; x_wconf 77' lang='lat' dir='ltr'>o,</span> <span class='ocrx_word' id='word_1_15' title='bbox 1140 594 1201 658; x_wconf 69' lang='lat'>70.</span> 
     </span>
     <span class='ocr_line' id='line_1_3' title="bbox 152 678 1201 773; baseline 0.002 -28"><span class='ocrx_word' id='word_1_16' title='bbox 152 682 285 749; x_wconf 80' lang='lat' dir='ltr'>Eodem</span> <span class='ocrx_word' id='word_1_17' title='bbox 302 678 367 745; x_wconf 85' lang='lat' dir='ltr'>lere</span> <span class='ocrx_word' id='word_1_18' title='bbox 383 681 483 744; x_wconf 89' lang='lat' dir='ltr'>modo</span> <span class='ocrx_word' id='word_1_19' title='bbox 500 682 625 745; x_wconf 87' lang='lat' dir='ltr'>Plinius</span> <span class='ocrx_word' id='word_1_20' title='bbox 642 694 675 759; x_wconf 91' lang='lat'>5.</span> <span class='ocrx_word' id='word_1_21' title='bbox 696 680 808 761; x_wconf 69' lang='lat'><strong>5124.</strong></span> <span class='ocrx_word' id='word_1_22' title='bbox 832 682 933 744; x_wconf 84' lang='lat' dir='ltr'>Utica</span> <span class='ocrx_word' id='word_1_23' title='bbox 951 684 1091 773; x_wconf 71' lang='lat' dir='ltr'>Catonis</span> <span class='ocrx_word' id='word_1_24' title='bbox 1102 699 1201 751; x_wconf 78' lang='lat' dir='ltr'>morte</span> 
     </span>
     <span class='ocr_line' id='line_1_4' title="bbox 138 781 1201 866; baseline -0.001 -17"><span class='ocrx_word' id='word_1_25' title='bbox 138 782 283 855; x_wconf 71' lang='lat' dir='ltr'>nobilis,</span> <span class='ocrx_word' id='word_1_26' title='bbox 308 797 342 847; x_wconf 87' lang='lat' dir='ltr'>et</span> <span class='ocrx_word' id='word_1_27' title='bbox 358 782 505 845; x_wconf 85' lang='lat' dir='ltr'>Martian.</span> <span class='ocrx_word' id='word_1_28' title='bbox 525 782 603 866; x_wconf 86' lang='lat' dir='ltr'>Cap.</span> <span class='ocrx_word' id='word_1_29' title='bbox 621 781 653 849; x_wconf 82' lang='lat'>6.</span> <span class='ocrx_word' id='word_1_30' title='bbox 675 803 708 864; x_wconf 87' lang='lat' dir='ltr'>p.</span> <span class='ocrx_word' id='word_1_31' title='bbox 721 784 803 847; x_wconf 76' lang='lat'>216.</span> <span class='ocrx_word' id='word_1_32' title='bbox 832 783 930 845; x_wconf 83' lang='lat' dir='ltr'>Utica</span> <span class='ocrx_word' id='word_1_33' title='bbox 949 786 1084 849; x_wconf 84' lang='lat' dir='ltr'>Catonis</span> <span class='ocrx_word' id='word_1_34' title='bbox 1101 800 1201 848; x_wconf 85' lang='lat' dir='ltr'>morte</span> 
     </span>
     <span class='ocr_line' id='line_1_5' title="bbox 151 884 1200 966; baseline 0.006 -18"><span class='ocrx_word' id='word_1_35' title='bbox 151 884 373 948; x_wconf 70' lang='lat' dir='ltr'>memoranda.</span> <span class='ocrx_word' id='word_1_36' title='bbox 408 886 556 966; x_wconf 86' lang='lat' dir='ltr'>Denique</span> <span class='ocrx_word' id='word_1_37' title='bbox 572 885 710 946; x_wconf 86' lang='lat' dir='ltr'>notanda</span> <span class='ocrx_word' id='word_1_38' title='bbox 726 885 843 966; x_wconf 83' lang='lat' dir='ltr'><strong>duplex</strong></span> <span class='ocrx_word' id='word_1_39' title='bbox 861 887 911 948; x_wconf 82' lang='lat' dir='ltr'>ris</span> <span class='ocrx_word' id='word_1_40' title='bbox 925 886 1016 952; x_wconf 89' lang='lat' dir='ltr'>verbi</span> <span class='ocrx_word' id='word_1_41' title='bbox 1031 901 1064 950; x_wconf 87' lang='lat' dir='ltr'>et</span> <span class='ocrx_word' id='word_1_42' title='bbox 1077 907 1200 954; x_wconf 87' lang='lat' dir='ltr'>accom-</span> 
     </span>
     <span class='ocr_line' id='line_1_6' title="bbox 144 986 913 1073; baseline -0.001 -20"><span class='ocrx_word' id='word_1_43' title='bbox 144 987 312 1059; x_wconf 69' lang='lat' dir='ltr'>modatio,</span> <span class='ocrx_word' id='word_1_44' title='bbox 338 999 409 1049; x_wconf 87' lang='lat' dir='ltr'>tum</span> <span class='ocrx_word' id='word_1_45' title='bbox 428 1000 501 1048; x_wconf 83' lang='lat' dir='ltr'>ueta</span> <span class='ocrx_word' id='word_1_46' title='bbox 522 988 597 1051; x_wconf 89' lang='lat' dir='ltr'>inde</span> <span class='ocrx_word' id='word_1_47' title='bbox 619 988 744 1073; x_wconf 79' lang='lat' dir='ltr'>elegans</span> <span class='ocrx_word' id='word_1_48' title='bbox 764 986 913 1053; x_wconf 78' lang='lat' dir='ltr'><strong>brevitas.</strong></span> 
     </span>
    </p>
   </div>
   <div class='ocr_carea' id='block_1_3' title="bbox 104 1187 1287 4213">
    <p class='ocr_par' dir='ltr' id='par_1_3' title="bbox 104 1187 1287 4213">
     <span class='ocr_line' id='line_1_7' title="bbox 232 1187 1198 1274; baseline 0.007 -23"><span class='ocrx_word' id='word_1_49' title='bbox 232 1189 429 1273; x_wconf 79' lang='lat' dir='ltr'>colonio)</span> <span class='ocrx_word' id='word_1_50' title='bbox 481 1191 625 1253; x_wconf 84' lang='lat' dir='ltr'>Deducta</span> <span class='ocrx_word' id='word_1_51' title='bbox 650 1187 714 1252; x_wconf 85' lang='lat' dir='ltr'>fuit</span> <span class='ocrx_word' id='word_1_52' title='bbox 737 1211 823 1255; x_wconf 87' lang='lat' dir='ltr'>anno</span> <span class='ocrx_word' id='word_1_53' title='bbox 849 1191 918 1274; x_wconf 84' lang='lat' dir='ltr'>post</span> <span class='ocrx_word' id='word_1_54' title='bbox 951 1194 1112 1256; x_wconf 85' lang='lat' dir='ltr'><strong>excidium</strong></span> <span class='ocrx_word' id='word_1_55' title='bbox 1138 1207 1198 1274; x_wconf 79' lang='lat'>23.</span> 
     </span>
     <span class='ocr_line' id='line_1_8' title="bbox 154 1288 1197 1385; baseline 0.002 -28"><span class='ocrx_word' id='word_1_56' title='bbox 154 1288 209 1385; x_wconf 80' lang='lat' dir='ltr'>[a.</span> <span class='ocrx_word' id='word_1_57' title='bbox 222 1312 258 1355; x_wconf 91' lang='lat' dir='ltr'>u.</span> <span class='ocrx_word' id='word_1_58' title='bbox 276 1288 385 1380; x_wconf 68' lang='lat'><strong>629.]</strong></span> <span class='ocrx_word' id='word_1_59' title='bbox 412 1304 540 1355; x_wconf 84' lang='lat' dir='ltr'>auctore</span> <span class='ocrx_word' id='word_1_60' title='bbox 556 1292 594 1355; x_wconf 82' lang='lat' dir='ltr'>C.</span> <span class='ocrx_word' id='word_1_61' title='bbox 611 1294 802 1375; x_wconf 86' lang='lat' dir='ltr'>Sempronio</span> <span class='ocrx_word' id='word_1_62' title='bbox 817 1293 970 1366; x_wconf 82' lang='lat' dir='ltr'>Graccho,</span> <span class='ocrx_word' id='word_1_63' title='bbox 996 1297 1113 1378; x_wconf 83' lang='lat' dir='ltr'>dequo</span> <span class='ocrx_word' id='word_1_64' title='bbox 1128 1296 1197 1359; x_wconf 88' lang='lat' dir='ltr'>vid.</span> 
     </span>
     <span class='ocr_line' id='line_1_9' title="bbox 152 1388 1198 1481; baseline 0.001 -24"><span class='ocrx_word' id='word_1_65' title='bbox 152 1394 270 1457; x_wconf 81' lang='lat' dir='ltr'>Vellei.</span> <span class='ocrx_word' id='word_1_66' title='bbox 288 1393 408 1455; x_wconf 82' lang='lat' dir='ltr'>Patere.</span> <span class='ocrx_word' id='word_1_67' title='bbox 426 1409 458 1464; x_wconf 67' lang='grc' dir='ltr'><strong>Ω.</strong></span> <span class='ocrx_word' id='word_1_68' title='bbox 480 1407 534 1471; x_wconf 84' lang='grc' dir='ltr'><strong>ι5.</strong></span> <span class='ocrx_word' id='word_1_69' title='bbox 565 1390 618 1481; x_wconf 90' lang='lat' dir='ltr'>[et</span> <span class='ocrx_word' id='word_1_70' title='bbox 640 1416 668 1464; x_wconf 89' lang='lat' dir='ltr'>r,</span> <span class='ocrx_word' id='word_1_71' title='bbox 691 1407 746 1471; x_wconf 86' lang='lat'>15.</span> <span class='ocrx_word' id='word_1_72' title='bbox 763 1388 818 1480; x_wconf 80' lang='grc'>4.]</span> <span class='ocrx_word' id='word_1_73' title='bbox 844 1409 877 1457; x_wconf 88' lang='lat' dir='ltr'>et</span> <span class='ocrx_word' id='word_1_74' title='bbox 898 1409 975 1456; x_wconf 89' lang='lat' dir='ltr'>tunc</span> <span class='ocrx_word' id='word_1_75' title='bbox 991 1397 1129 1458; x_wconf 83' lang='lat' dir='ltr'>Iunonia</span> <span class='ocrx_word' id='word_1_76' title='bbox 1144 1397 1198 1458; x_wconf 87' lang='lat' dir='ltr'>ad·</span> 
     </span>
     <span class='ocr_line' id='line_1_10' title="bbox 151 1493 1197 1583; baseline 0.003 -26"><span class='ocrx_word' id='word_1_77' title='bbox 151 1496 290 1583; x_wconf 60' lang='lat' dir='ltr'>peliatu</span> <span class='ocrx_word' id='word_1_78' title='bbox 317 1493 368 1556; x_wconf 86' lang='lat' dir='ltr'>led</span> <span class='ocrx_word' id='word_1_79' title='bbox 382 1496 473 1556; x_wconf 90' lang='lat' dir='ltr'>nullo</span> <span class='ocrx_word' id='word_1_80' title='bbox 488 1494 634 1557; x_wconf 77' lang='lat' dir='ltr'><strong>fortunae</strong></span> <span class='ocrx_word' id='word_1_81' title='bbox 654 1493 801 1559; x_wconf 83' lang='lat' dir='ltr'>[uccellu.</span> <span class='ocrx_word' id='word_1_82' title='bbox 837 1499 931 1558; x_wconf 82' lang='lat' dir='ltr'>Anno</span> <span class='ocrx_word' id='word_1_83' title='bbox 948 1497 1018 1579; x_wconf 85' lang='lat' dir='ltr'>post</span> <span class='ocrx_word' id='word_1_84' title='bbox 1033 1499 1197 1560; x_wconf 84' lang='lat' dir='ltr'>excidium</span> 
     </span>
     <span class='ocr_line' id='line_1_11' title="bbox 158 1593 1196 1678; baseline -0.001 -19"><span class='ocrx_word' id='word_1_85' title='bbox 158 1612 242 1661; x_wconf 76' lang='lat' dir='ltr'>roa.</span> <span class='ocrx_word' id='word_1_86' title='bbox 268 1593 354 1659; x_wconf 90' lang='lat' dir='ltr'>lulio</span> <span class='ocrx_word' id='word_1_87' title='bbox 375 1595 504 1658; x_wconf 80' lang='lat' dir='ltr'>Caesare</span> <span class='ocrx_word' id='word_1_88' title='bbox 527 1611 656 1658; x_wconf 81' lang='lat' dir='ltr'>auctore</span> <span class='ocrx_word' id='word_1_89' title='bbox 675 1598 777 1656; x_wconf 87' lang='lat' dir='ltr'>maior</span> <span class='ocrx_word' id='word_1_90' title='bbox 797 1597 886 1678; x_wconf 90' lang='lat' dir='ltr'>copia</span> <span class='ocrx_word' id='word_1_91' title='bbox 910 1599 1098 1661; x_wconf 85' lang='lat' dir='ltr'>colonorum</span> <span class='ocrx_word' id='word_1_92' title='bbox 1120 1600 1196 1660; x_wconf 90' lang='lat' dir='ltr'>illuc</span> 
     </span>
     <span class='ocr_line' id='line_1_12' title="bbox 152 1694 1196 1780; baseline -0.002 -17"><span class='ocrx_word' id='word_1_93' title='bbox 152 1696 244 1763; x_wconf 80' lang='lat' dir='ltr'>milla</span> <span class='ocrx_word' id='word_1_94' title='bbox 259 1694 323 1758; x_wconf 85' lang='lat' dir='ltr'>fuit</span> <span class='ocrx_word' id='word_1_95' title='bbox 340 1696 534 1760; x_wconf 77' lang='lat' dir='ltr'>felicioribus</span> <span class='ocrx_word' id='word_1_96' title='bbox 549 1696 711 1780; x_wconf 76' lang='lat' dir='ltr'>sulpiciis3</span> <span class='ocrx_word' id='word_1_97' title='bbox 738 1701 866 1760; x_wconf 85' lang='lat' dir='ltr'>moenia</span> <span class='ocrx_word' id='word_1_98' title='bbox 887 1697 1017 1768; x_wconf 83' lang='lat' dir='ltr'>refecta,</span> <span class='ocrx_word' id='word_1_99' title='bbox 1041 1699 1116 1760; x_wconf 89' lang='lat' dir='ltr'>urbs</span> <span class='ocrx_word' id='word_1_100' title='bbox 1135 1697 1196 1762; x_wconf 82' lang='lat' dir='ltr'>fre-</span> 
     </span>
     <span class='ocr_line' id='line_1_13' title="bbox 151 1794 1198 1883; baseline 0 -22"><span class='ocrx_word' id='word_1_101' title='bbox 151 1794 369 1883; x_wconf 85' lang='lat' dir='ltr'>quentiffimis</span> <span class='ocrx_word' id='word_1_102' title='bbox 391 1800 542 1861; x_wconf 83' lang='lat' dir='ltr'>aediliciis</span> <span class='ocrx_word' id='word_1_103' title='bbox 560 1799 701 1868; x_wconf 83' lang='lat' dir='ltr'>exculta,</span> <span class='ocrx_word' id='word_1_104' title='bbox 735 1799 899 1879; x_wconf 88' lang='lat' dir='ltr'>pristinum</span> <span class='ocrx_word' id='word_1_105' title='bbox 922 1819 1043 1862; x_wconf 89' lang='lat' dir='ltr'>nomen</span> <span class='ocrx_word' id='word_1_106' title='bbox 1067 1800 1198 1864; x_wconf 82' lang='lat' dir='ltr'><strong>Cartha·</strong></span> 
     </span>
     <span class='ocr_line' id='line_1_14' title="bbox 152 1898 1196 1987; baseline 0.003 -24"><span class='ocrx_word' id='word_1_107' title='bbox 152 1902 240 1987; x_wconf 68' lang='lat' dir='ltr'>ginis</span> <span class='ocrx_word' id='word_1_108' title='bbox 259 1898 304 1963; x_wconf 84' lang='lat' dir='ltr'>eli</span> <span class='ocrx_word' id='word_1_109' title='bbox 317 1901 497 1972; x_wconf 66' lang='lat' dir='ltr'>redditum</span> <span class='ocrx_word' id='word_1_110' title='bbox 530 1900 649 1981; x_wconf 77' lang='lat' dir='ltr'>deque</span> <span class='ocrx_word' id='word_1_111' title='bbox 668 1899 720 1960; x_wconf 88' lang='lat' dir='ltr'>hic</span> <span class='ocrx_word' id='word_1_112' title='bbox 733 1899 834 1970; x_wconf 88' lang='lat' dir='ltr'>Mela,</span> <span class='ocrx_word' id='word_1_113' title='bbox 860 1920 888 1963; x_wconf 88' lang='lat' dir='ltr'>a.</span> <span class='ocrx_word' id='word_1_114' title='bbox 903 1901 944 1963; x_wconf 89' lang='lat' dir='ltr'>U.</span> <span class='ocrx_word' id='word_1_115' title='bbox 957 1901 995 1963; x_wconf 85' lang='lat' dir='ltr'>C.</span> <span class='ocrx_word' id='word_1_116' title='bbox 1015 1917 1099 1978; x_wconf 84' lang='lat'><strong>7¹⁰·</strong></span> <span class='ocrx_word' id='word_1_117' title='bbox 1121 1916 1196 1966; x_wconf 86' lang='lat' dir='ltr'>ante</span> 
     </span>
     <span class='ocr_line' id='line_1_15' title="bbox 153 1998 1196 2082; baseline -0.003 -16"><span class='ocrx_word' id='word_1_118' title='bbox 153 2002 201 2067; x_wconf 76' lang='lat' dir='ltr'>N.</span> <span class='ocrx_word' id='word_1_119' title='bbox 221 2000 301 2066; x_wconf 88' lang='lat' dir='ltr'><strong>Chr.</strong></span> <span class='ocrx_word' id='word_1_120' title='bbox 320 2012 378 2079; x_wconf 78' lang='lat'>58.</span> <span class='ocrx_word' id='word_1_121' title='bbox 410 2020 428 2061; x_wconf 88' lang='lat' dir='ltr'>a</span> <span class='ocrx_word' id='word_1_122' title='bbox 451 2020 511 2082; x_wconf 88' lang='lat' dir='ltr'>qua</span> <span class='ocrx_word' id='word_1_123' title='bbox 533 1998 756 2063; x_wconf 83' lang='lat' dir='ltr'>instauratione</span> <span class='ocrx_word' id='word_1_124' title='bbox 777 2000 906 2063; x_wconf 80' lang='lat' dir='ltr'>fortuna</span> <span class='ocrx_word' id='word_1_125' title='bbox 932 2003 1010 2063; x_wconf 84' lang='lat' dir='ltr'>adeo</span> <span class='ocrx_word' id='word_1_126' title='bbox 1033 2004 1062 2064; x_wconf 88' lang='lat' dir='ltr'>ei</span> <span class='ocrx_word' id='word_1_127' title='bbox 1084 2004 1196 2075; x_wconf 87' lang='lat' dir='ltr'>crevit,</span> 
     </span>
     <span class='ocr_line' id='line_1_16' title="bbox 144 2092 1197 2186; baseline 0 -21"><span class='ocrx_word' id='word_1_128' title='bbox 144 2110 196 2165; x_wconf 86' lang='lat' dir='ltr'>&#39;ut</span> <span class='ocrx_word' id='word_1_129' title='bbox 216 2104 373 2186; x_wconf 73' lang='lat' dir='ltr'>proximis</span> <span class='ocrx_word' id='word_1_130' title='bbox 394 2100 521 2163; x_wconf 78' lang='lat' dir='ltr'>laecults</span> <span class='ocrx_word' id='word_1_131' title='bbox 543 2103 696 2164; x_wconf 85' lang='lat' dir='ltr'>omnihus</span> <span class='ocrx_word' id='word_1_132' title='bbox 713 2092 835 2163; x_wconf 60' lang='lat' dir='ltr'>&#39;Africae</span> <span class='ocrx_word' id='word_1_133' title='bbox 855 2103 1040 2164; x_wconf 84' lang='lat' dir='ltr'>civitatibus</span> <span class='ocrx_word' id='word_1_134' title='bbox 1059 2105 1197 2166; x_wconf 79' lang='lat' dir='ltr'>antecel-</span> 
     </span>
     <span class='ocr_line' id='line_1_17' title="bbox 153 2200 1194 2285; baseline 0.001 -18"><span class='ocrx_word' id='word_1_135' title='bbox 153 2204 262 2275; x_wconf 86' lang='lat' dir='ltr'>luerit,</span> <span class='ocrx_word' id='word_1_136' title='bbox 287 2216 320 2266; x_wconf 92' lang='lat' dir='ltr'>et</span> <span class='ocrx_word' id='word_1_137' title='bbox 340 2215 407 2280; x_wconf 73' lang='lat'>125</span> <span class='ocrx_word' id='word_1_138' title='bbox 424 2202 621 2285; x_wconf 79' lang='lat' dir='ltr'>episcopatus</span> <span class='ocrx_word' id='word_1_139' title='bbox 636 2200 690 2261; x_wconf 81' lang='lat' dir='ltr'>suh</span> <span class='ocrx_word' id='word_1_140' title='bbox 706 2200 734 2263; x_wconf 89' lang='lat' dir='ltr'>le</span> <span class='ocrx_word' id='word_1_141' title='bbox 749 2202 904 2265; x_wconf 87' lang='lat' dir='ltr'>hahuerit.</span> <span class='ocrx_word' id='word_1_142' title='bbox 931 2222 1101 2265; x_wconf 81' lang='lat' dir='ltr'>onsavrvs</span> <span class='ocrx_word' id='word_1_143' title='bbox 1118 2206 1194 2270; x_wconf 76' lang='lat' dir='ltr'>MS.</span> 
     </span>
     <span class='ocr_line' id='line_1_18' title="bbox 154 2300 1197 2383; baseline -0.005 -13"><span class='ocrx_word' id='word_1_144' title='bbox 154 2304 298 2370; x_wconf 77' lang='lat' dir='ltr'>Primam</span> <span class='ocrx_word' id='word_1_145' title='bbox 311 2305 393 2365; x_wconf 86' lang='lat' dir='ltr'>hanc</span> <span class='ocrx_word' id='word_1_146' title='bbox 408 2300 496 2365; x_wconf 82' lang='lat' dir='ltr'>luills</span> <span class='ocrx_word' id='word_1_147' title='bbox 512 2304 680 2373; x_wconf 87' lang='lat' dir='ltr'>coloniam,</span> <span class='ocrx_word' id='word_1_148' title='bbox 701 2322 796 2383; x_wconf 77' lang='lat' dir='ltr'>quern</span> <span class='ocrx_word' id='word_1_149' title='bbox 812 2305 951 2365; x_wconf 80' lang='lat' dir='ltr'>liomsui</span> <span class='ocrx_word' id='word_1_150' title='bbox 968 2318 1054 2365; x_wconf 85' lang='lat' dir='ltr'>extra</span> <span class='ocrx_word' id='word_1_151' title='bbox 1071 2306 1197 2372; x_wconf 78' lang='lat' dir='ltr'>ltaliam</span> 
     </span>
     <span class='ocr_line' id='line_1_19' title="bbox 155 2400 1287 2478; baseline -0.004 -6"><span class='ocrx_word' id='word_1_152' title='bbox 155 2406 378 2478; x_wconf 76' lang='lat' dir='ltr'>condiderint,</span> <span class='ocrx_word' id='word_1_153' title='bbox 402 2417 495 2467; x_wconf 86' lang='lat' dir='ltr'>notat</span> <span class='ocrx_word' id='word_1_154' title='bbox 510 2404 619 2466; x_wconf 89' lang='lat' dir='ltr'>Vellei.</span> <span class='ocrx_word' id='word_1_155' title='bbox 636 2422 681 2467; x_wconf 87' lang='lat' dir='ltr'>cc.</span> <span class='ocrx_word' id='word_1_156' title='bbox 697 2403 732 2466; x_wconf 89' lang='lat' dir='ltr'>ll.</span> <span class='ocrx_word' id='word_1_157' title='bbox 766 2402 908 2465; x_wconf 86' lang='lat' dir='ltr'>Sualerat</span> <span class='ocrx_word' id='word_1_158' title='bbox 921 2404 1072 2473; x_wconf 80' lang='lat' dir='ltr'>Rubrius,</span> <span class='ocrx_word' id='word_1_159' title='bbox 1098 2407 1198 2467; x_wconf 86' lang='lat' dir='ltr'>tribu·</span> <span class='ocrx_word' id='word_1_160' title='bbox 1284 2400 1287 2411; x_wconf 86' lang='lat'>&#39;</span> 
     </span>
     <span class='ocr_line' id='line_1_20' title="bbox 155 2504 1198 2591; baseline -0.002 -21"><span class='ocrx_word' id='word_1_161' title='bbox 155 2528 218 2571; x_wconf 86' lang='lat' dir='ltr'>uus</span> <span class='ocrx_word' id='word_1_162' title='bbox 240 2506 342 2591; x_wconf 85' lang='lat' dir='ltr'>plebis</span> <span class='ocrx_word' id='word_1_163' title='bbox 361 2506 542 2587; x_wconf 82' lang='lat' dir='ltr'><strong>(Plutarch.</strong></span> <span class='ocrx_word' id='word_1_164' title='bbox 563 2506 597 2566; x_wconf 92' lang='lat' dir='ltr'>iu</span> <span class='ocrx_word' id='word_1_165' title='bbox 619 2508 685 2567; x_wconf 86' lang='lat' dir='ltr'>vita</span> <span class='ocrx_word' id='word_1_166' title='bbox 702 2504 741 2568; x_wconf 85' lang='grc' dir='ltr'><strong>Ο.</strong></span> <span class='ocrx_word' id='word_1_167' title='bbox 761 2504 893 2566; x_wconf 79' lang='lat' dir='ltr'>Gracchi</span> <span class='ocrx_word' id='word_1_168' title='bbox 913 2525 940 2567; x_wconf 91' lang='lat' dir='ltr'>c.</span> <span class='ocrx_word' id='word_1_169' title='bbox 962 2509 1037 2584; x_wconf 86' lang='lat' dir='ltr'>ro.)</span> <span class='ocrx_word' id='word_1_170' title='bbox 1062 2507 1198 2568; x_wconf 82' lang='lat' dir='ltr'>deduxit</span> 
     </span>
     <span class='ocr_line' id='line_1_21' title="bbox 129 2604 1196 2690; baseline -0.004 -17"><span class='ocrx_word' id='word_1_171' title='bbox 129 2604 133 2614; x_wconf 82' lang='lat'>&#39;</span> <span class='ocrx_word' id='word_1_172' title='bbox 156 2608 197 2673; x_wconf 79' lang='lat'>(2.</span> <span class='ocrx_word' id='word_1_173' title='bbox 213 2608 390 2678; x_wconf 73' lang='lat' dir='ltr'>Gracchus,</span> <span class='ocrx_word' id='word_1_174' title='bbox 417 2608 488 2670; x_wconf 87' lang='lat' dir='ltr'>eius</span> <span class='ocrx_word' id='word_1_175' title='bbox 510 2607 648 2690; x_wconf 79' lang='lat' dir='ltr'>college,</span> <span class='ocrx_word' id='word_1_176' title='bbox 677 2618 715 2667; x_wconf 90' lang='lat' dir='ltr'>ut</span> <span class='ocrx_word' id='word_1_177' title='bbox 729 2620 855 2667; x_wconf 87' lang='lat' dir='ltr'>narrant</span> <span class='ocrx_word' id='word_1_178' title='bbox 875 2622 997 2689; x_wconf 86' lang='lat' dir='ltr'>praeter</span> <span class='ocrx_word' id='word_1_179' title='bbox 1017 2608 1090 2670; x_wconf 89' lang='lat' dir='ltr'>illos</span> <span class='ocrx_word' id='word_1_180' title='bbox 1109 2608 1196 2669; x_wconf 80' lang='lat' dir='ltr'>Livii</span> 
     </span>
     <span class='ocr_line' id='line_1_22' title="bbox 140 2707 1196 2797; baseline 0 -28"><span class='ocrx_word' id='word_1_181' title='bbox 140 2711 236 2797; x_wconf 71' lang='lat' dir='ltr'>,epit</span> <span class='ocrx_word' id='word_1_182' title='bbox 254 2712 314 2774; x_wconf 87' lang='grc'>60.</span> <span class='ocrx_word' id='word_1_183' title='bbox 340 2708 479 2793; x_wconf 70' lang='lat' dir='ltr'>&#39;Appiam</span> <span class='ocrx_word' id='word_1_184' title='bbox 501 2709 541 2771; x_wconf 87' lang='lat' dir='ltr'>de</span> <span class='ocrx_word' id='word_1_185' title='bbox 561 2707 628 2771; x_wconf 87' lang='lat' dir='ltr'>reb.</span> <span class='ocrx_word' id='word_1_186' title='bbox 649 2707 732 2771; x_wconf 88' lang='lat' dir='ltr'>Pun.</span> <span class='ocrx_word' id='word_1_187' title='bbox 755 2726 782 2771; x_wconf 87' lang='lat' dir='ltr'>c.</span> <span class='ocrx_word' id='word_1_188' title='bbox 806 2709 887 2785; x_wconf 82' lang='lat'><strong>156.</strong></span> <span class='ocrx_word' id='word_1_189' title='bbox 911 2725 945 2770; x_wconf 85' lang='lat' dir='ltr'>et</span> <span class='ocrx_word' id='word_1_190' title='bbox 962 2710 1002 2770; x_wconf 90' lang='lat' dir='ltr'>de</span> <span class='ocrx_word' id='word_1_191' title='bbox 1018 2708 1056 2769; x_wconf 85' lang='lat' dir='ltr'>B.</span> <span class='ocrx_word' id='word_1_192' title='bbox 1072 2709 1147 2772; x_wconf 83' lang='lat' dir='ltr'>civ.</span> <span class='ocrx_word' id='word_1_193' title='bbox 1166 2731 1196 2781; x_wconf 87' lang='lat' dir='ltr'>r,</span> 
     </span>
     <span class='ocr_line' id='line_1_23' title="bbox 157 2807 1198 2892; baseline 0.002 -19"><span class='ocrx_word' id='word_1_194' title='bbox 157 2824 217 2892; x_wconf 70' lang='lat'>24.</span> <span class='ocrx_word' id='word_1_195' title='bbox 245 2811 347 2873; x_wconf 81' lang='lat' dir='ltr'>Solio.</span> <span class='ocrx_word' id='word_1_196' title='bbox 371 2829 437 2891; x_wconf 82' lang='lat' dir='ltr'>cap·</span> <span class='ocrx_word' id='word_1_197' title='bbox 457 2823 514 2887; x_wconf 80' lang='lat'>3⁰·</span> <span class='ocrx_word' id='word_1_198' title='bbox 538 2807 635 2889; x_wconf 69' lang='lat'>[27.</span> <span class='ocrx_word' id='word_1_199' title='bbox 665 2808 755 2872; x_wconf 77' lang='lat' dir='ltr'>Oroi·</span> <span class='ocrx_word' id='word_1_200' title='bbox 779 2820 811 2886; x_wconf 95' lang='lat'>5,</span> <span class='ocrx_word' id='word_1_201' title='bbox 845 2824 898 2870; x_wconf 67' lang='grc' dir='ltr'>ια.</span> <span class='ocrx_word' id='word_1_202' title='bbox 951 2812 1002 2871; x_wconf 92' lang='lat' dir='ltr'>De</span> <span class='ocrx_word' id='word_1_203' title='bbox 1024 2812 1120 2871; x_wconf 83' lang='lat' dir='ltr'>altera</span> <span class='ocrx_word' id='word_1_204' title='bbox 1144 2811 1198 2875; x_wconf 76' lang='lat' dir='ltr'>ds·</span> 
     </span>
     <span class='ocr_line' id='line_1_24' title="bbox 143 2907 1285 2994; baseline 0.003 -23"><span class='ocrx_word' id='word_1_205' title='bbox 143 2914 313 2977; x_wconf 70' lang='lat' dir='ltr'>ductione</span> <span class='ocrx_word' id='word_1_206' title='bbox 329 2911 468 2975; x_wconf 85' lang='lat' dir='ltr'>adeundi</span> <span class='ocrx_word' id='word_1_207' title='bbox 484 2910 596 2972; x_wconf 81' lang='lat' dir='ltr'>Strabo</span> <span class='ocrx_word' id='word_1_208' title='bbox 616 2928 671 2983; x_wconf 83' lang='lat'>17·</span> <span class='ocrx_word' id='word_1_209' title='bbox 687 2932 719 2994; x_wconf 87' lang='lat' dir='ltr'>p.</span> <span class='ocrx_word' id='word_1_210' title='bbox 733 2922 816 2989; x_wconf 78' lang='lat'><strong>575.</strong></span> <span class='ocrx_word' id='word_1_211' title='bbox 832 2907 853 2970; x_wconf 90' lang='lat' dir='ltr'>l.</span> <span class='ocrx_word' id='word_1_212' title='bbox 872 2921 955 2989; x_wconf 76' lang='lat'>833.</span> <span class='ocrx_word' id='word_1_213' title='bbox 982 2913 1045 2973; x_wconf 79' lang='lat' dir='ltr'>Dio</span> <span class='ocrx_word' id='word_1_214' title='bbox 1059 2921 1119 2983; x_wconf 69' lang='lat' dir='ltr'>aa,</span> <span class='ocrx_word' id='word_1_215' title='bbox 1136 2927 1196 2988; x_wconf 82' lang='lat'>5⁰·</span> <span class='ocrx_word' id='word_1_216' title='bbox 1282 2908 1285 2919; x_wconf 92' lang='lat'>&#39;</span> 
     </span>
     <span class='ocr_line' id='line_1_25' title="bbox 157 3009 1195 3093; baseline -0.006 -14"><span class='ocrx_word' id='word_1_217' title='bbox 157 3013 292 3080; x_wconf 81' lang='lat' dir='ltr'>Paulau.</span> <span class='ocrx_word' id='word_1_218' title='bbox 317 3030 349 3084; x_wconf 78' lang='lat' dir='ltr'>a,</span> <span class='ocrx_word' id='word_1_219' title='bbox 374 3031 404 3075; x_wconf 88' lang='lat'>1.</span> <span class='ocrx_word' id='word_1_220' title='bbox 440 3011 598 3074; x_wconf 82' lang='lat' dir='ltr'><strong>Plutarch.</strong></span> <span class='ocrx_word' id='word_1_221' title='bbox 620 3012 653 3072; x_wconf 90' lang='lat' dir='ltr'>in</span> <span class='ocrx_word' id='word_1_222' title='bbox 678 3010 765 3074; x_wconf 87' lang='lat' dir='ltr'>Cael.</span> <span class='ocrx_word' id='word_1_223' title='bbox 791 3030 818 3073; x_wconf 91' lang='lat' dir='ltr'>c.</span> <span class='ocrx_word' id='word_1_224' title='bbox 839 3026 897 3087; x_wconf 86' lang='lat'>57.</span> <span class='ocrx_word' id='word_1_225' title='bbox 917 3009 938 3072; x_wconf 85' lang='lat' dir='ltr'>f.</span> <span class='ocrx_word' id='word_1_226' title='bbox 975 3014 1108 3093; x_wconf 82' lang='lat' dir='ltr'>Appian.</span> <span class='ocrx_word' id='word_1_227' title='bbox 1126 3033 1153 3073; x_wconf 90' lang='lat' dir='ltr'>c.</span> <span class='ocrx_word' id='word_1_228' title='bbox 1172 3014 1195 3074; x_wconf 94' lang='lat' dir='ltr'>l.</span> 
     </span>
     <span class='ocr_line' id='line_1_26' title="bbox 159 3111 1198 3196; baseline -0.005 -17"><span class='ocrx_word' id='word_1_229' title='bbox 159 3116 263 3180; x_wconf 80' lang='lat' dir='ltr'>Solio.</span> <span class='ocrx_word' id='word_1_230' title='bbox 280 3134 308 3177; x_wconf 87' lang='lat' dir='ltr'>c.</span> <span class='ocrx_word' id='word_1_231' title='bbox 328 3114 350 3177; x_wconf 88' lang='lat' dir='ltr'>l.</span> <span class='ocrx_word' id='word_1_232' title='bbox 403 3115 563 3196; x_wconf 78' lang='lat' dir='ltr'>Appianus</span> <span class='ocrx_word' id='word_1_233' title='bbox 585 3124 710 3183; x_wconf 88' lang='lat' dir='ltr'>tamen,</span> <span class='ocrx_word' id='word_1_234' title='bbox 742 3133 815 3173; x_wconf 87' lang='lat' dir='ltr'>curn</span> <span class='ocrx_word' id='word_1_235' title='bbox 839 3127 912 3172; x_wconf 83' lang='lat' dir='ltr'>ante</span> <span class='ocrx_word' id='word_1_236' title='bbox 932 3131 1000 3172; x_wconf 89' lang='lat' dir='ltr'>rem</span> <span class='ocrx_word' id='word_1_237' title='bbox 1025 3111 1198 3193; x_wconf 83' lang='lat' dir='ltr'>perfectam</span> 
     </span>
     <span class='ocr_line' id='line_1_27' title="bbox 159 3208 1198 3296; baseline -0.008 -15"><span class='ocrx_word' id='word_1_238' title='bbox 159 3216 195 3281; x_wconf 85' lang='lat' dir='ltr'>lu</span> <span class='ocrx_word' id='word_1_239' title='bbox 211 3217 302 3280; x_wconf 85' lang='lat' dir='ltr'>curia</span> <span class='ocrx_word' id='word_1_240' title='bbox 322 3213 439 3277; x_wconf 80' lang='lat' dir='ltr'>occisus</span> <span class='ocrx_word' id='word_1_241' title='bbox 458 3211 533 3276; x_wconf 87' lang='lat' dir='ltr'>ellet</span> <span class='ocrx_word' id='word_1_242' title='bbox 548 3212 674 3284; x_wconf 86' lang='lat' dir='ltr'>Caesar,</span> <span class='ocrx_word' id='word_1_243' title='bbox 701 3215 740 3275; x_wconf 90' lang='lat' dir='ltr'>ab</span> <span class='ocrx_word' id='word_1_244' title='bbox 762 3208 901 3296; x_wconf 76' lang='lat' dir='ltr'>ilugulto</span> <span class='ocrx_word' id='word_1_245' title='bbox 923 3213 1083 3272; x_wconf 84' lang='lat' dir='ltr'>conditam</span> <span class='ocrx_word' id='word_1_246' title='bbox 1107 3210 1198 3275; x_wconf 81' lang='lat' dir='ltr'>fullio</span> 
     </span>
     <span class='ocr_line' id='line_1_28' title="bbox 159 3314 1198 3399; baseline -0.008 -16"><span class='ocrx_word' id='word_1_247' title='bbox 159 3332 264 3383; x_wconf 83' lang='lat' dir='ltr'>narrat</span> <span class='ocrx_word' id='word_1_248' title='bbox 280 3336 378 3399; x_wconf 84' lang='lat' dir='ltr'>prope</span> <span class='ocrx_word' id='word_1_249' title='bbox 395 3330 554 3387; x_wconf 87' lang='lat' dir='ltr'>veterem,</span> <span class='ocrx_word' id='word_1_250' title='bbox 581 3329 618 3375; x_wconf 86' lang='lat' dir='ltr'>ut</span> <span class='ocrx_word' id='word_1_251' title='bbox 633 3315 793 3396; x_wconf 89' lang='lat' dir='ltr'>Scipionis</span> <span class='ocrx_word' id='word_1_252' title='bbox 809 3314 960 3381; x_wconf 86' lang='lat' dir='ltr'>devotio,</span> <span class='ocrx_word' id='word_1_253' title='bbox 984 3314 1084 3393; x_wconf 81' lang='lat' dir='ltr'>qualis</span> <span class='ocrx_word' id='word_1_254' title='bbox 1100 3316 1198 3375; x_wconf 82' lang='lat' dir='ltr'>etiam</span> 
     </span>
     <span class='ocr_line' id='line_1_29' title="bbox 160 3415 1201 3494; baseline -0.006 -11"><span class='ocrx_word' id='word_1_255' title='bbox 160 3419 373 3485; x_wconf 85' lang='lat' dir='ltr'>iuCoriutho</span> <span class='ocrx_word' id='word_1_256' title='bbox 396 3415 474 3479; x_wconf 86' lang='lat' dir='ltr'>facta</span> <span class='ocrx_word' id='word_1_257' title='bbox 490 3432 566 3487; x_wconf 83' lang='lat' dir='ltr'>erat,</span> <span class='ocrx_word' id='word_1_258' title='bbox 586 3416 749 3494; x_wconf 84' lang='lat' dir='ltr'>(Macrob.</span> <span class='ocrx_word' id='word_1_259' title='bbox 767 3417 893 3478; x_wconf 83' lang='lat' dir='ltr'>saturn.</span> <span class='ocrx_word' id='word_1_260' title='bbox 910 3427 943 3491; x_wconf 74' lang='lat'>3,</span> <span class='ocrx_word' id='word_1_261' title='bbox 962 3432 996 3493; x_wconf 86' lang='lat'>9.</span> <span class='ocrx_word' id='word_1_262' title='bbox 1018 3418 1083 3492; x_wconf 91' lang='lat'><strong>····)</strong></span> <span class='ocrx_word' id='word_1_263' title='bbox 1110 3434 1201 3477; x_wconf 83' lang='lat' dir='ltr'>cave·</span> 
     </span>
     <span class='ocr_line' id='line_1_30' title="bbox 151 3498 1260 3600; baseline -0.005 -17"><span class='ocrx_word' id='word_1_264' title='bbox 151 3534 261 3587; x_wconf 73' lang='lat' dir='ltr'>retur.</span> <span class='ocrx_word' id='word_1_265' title='bbox 314 3520 360 3581; x_wconf 88' lang='lat' dir='ltr'>lta</span> <span class='ocrx_word' id='word_1_266' title='bbox 379 3520 508 3600; x_wconf 87' lang='lat' dir='ltr'>quidem</span> <span class='ocrx_word' id='word_1_267' title='bbox 532 3520 564 3579; x_wconf 88' lang='lat' dir='ltr'>in</span> <span class='ocrx_word' id='word_1_268' title='bbox 594 3519 690 3598; x_wconf 88' lang='lat' dir='ltr'>priori</span> <span class='ocrx_word' id='word_1_269' title='bbox 714 3518 804 3590; x_wconf 88' lang='lat' dir='ltr'>loco;</span> <span class='ocrx_word' id='word_1_270' title='bbox 840 3518 874 3576; x_wconf 91' lang='lat' dir='ltr'>in</span> <span class='ocrx_word' id='word_1_271' title='bbox 901 3508 1066 3596; x_wconf 84' lang='lat' dir='ltr'>posteriori</span> <span class='ocrx_word' id='word_1_272' title='bbox 1092 3531 1199 3578; x_wconf 84' lang='lat' dir='ltr'>tamen</span> <span class='ocrx_word' id='word_1_273' title='bbox 1256 3498 1260 3507; x_wconf 38' lang='lat'>¹</span> 
     </span>
     <span class='ocr_line' id='line_1_31' title="bbox 162 3616 1202 3701; baseline -0.008 -14"><span class='ocrx_word' id='word_1_274' title='bbox 162 3630 360 3701; x_wconf 77' lang='lat' dir='ltr'>contemtarp</span> <span class='ocrx_word' id='word_1_275' title='bbox 375 3621 460 3681; x_wconf 87' lang='lat' dir='ltr'>illam</span> <span class='ocrx_word' id='word_1_276' title='bbox 476 3617 566 3681; x_wconf 84' lang='lat' dir='ltr'>luille</span> <span class='ocrx_word' id='word_1_277' title='bbox 586 3616 699 3688; x_wconf 78' lang='lat' dir='ltr'>scribit,</span> <span class='ocrx_word' id='word_1_278' title='bbox 723 3639 797 3679; x_wconf 90' lang='lat' dir='ltr'>curn</span> <span class='ocrx_word' id='word_1_279' title='bbox 815 3616 975 3679; x_wconf 77' lang='lat' dir='ltr'>Gracchus</span> <span class='ocrx_word' id='word_1_280' title='bbox 988 3635 1027 3677; x_wconf 92' lang='lat' dir='ltr'>eo</span> <span class='ocrx_word' id='word_1_281' title='bbox 1040 3617 1202 3679; x_wconf 81' lang='lat' dir='ltr'>coloniam</span> 
     </span>
     <span class='ocr_line' id='line_1_32' title="bbox 164 3718 1203 3802; baseline -0.007 -17"><span class='ocrx_word' id='word_1_282' title='bbox 164 3722 355 3799; x_wconf 80' lang='lat' dir='ltr'>deduceret,</span> <span class='ocrx_word' id='word_1_283' title='bbox 380 3736 413 3783; x_wconf 88' lang='lat' dir='ltr'>et</span> <span class='ocrx_word' id='word_1_284' title='bbox 434 3722 557 3782; x_wconf 85' lang='lat' dir='ltr'>Plinius</span> <span class='ocrx_word' id='word_1_285' title='bbox 572 3732 604 3795; x_wconf 92' lang='grc'><strong>5.</strong></span> <span class='ocrx_word' id='word_1_286' title='bbox 622 3733 654 3798; x_wconf 78' lang='lat'>3.</span> <span class='ocrx_word' id='word_1_287' title='bbox 670 3719 691 3784; x_wconf 85' lang='lat' dir='ltr'>l.</span> <span class='ocrx_word' id='word_1_288' title='bbox 709 3734 743 3799; x_wconf 79' lang='grc'><strong>4.</strong></span> <span class='ocrx_word' id='word_1_289' title='bbox 763 3721 796 3779; x_wconf 87' lang='lat' dir='ltr'>in</span> <span class='ocrx_word' id='word_1_290' title='bbox 821 3720 959 3802; x_wconf 80' lang='lat' dir='ltr'>vestigiis</span> <span class='ocrx_word' id='word_1_291' title='bbox 981 3737 1114 3801; x_wconf 77' lang='lat' dir='ltr'>magnae</span> <span class='ocrx_word' id='word_1_292' title='bbox 1127 3718 1203 3779; x_wconf 86' lang='lat' dir='ltr'>Car·</span> 
     </span>
     <span class='ocr_line' id='line_1_33' title="bbox 163 3818 1204 3909; baseline -0.008 -22"><span class='ocrx_word' id='word_1_293' title='bbox 163 3824 302 3909; x_wconf 70' lang='lat' dir='ltr'>rheginis</span> <span class='ocrx_word' id='word_1_294' title='bbox 317 3824 480 3885; x_wconf 86' lang='lat' dir='ltr'>conditam</span> <span class='ocrx_word' id='word_1_295' title='bbox 500 3821 654 3884; x_wconf 77' lang='lat' dir='ltr'>adfirmat.</span> <span class='ocrx_word' id='word_1_296' title='bbox 690 3822 754 3883; x_wconf 90' lang='lat' dir='ltr'>Dio</span> <span class='ocrx_word' id='word_1_297' title='bbox 772 3818 891 3882; x_wconf 73' lang='lat' dir='ltr'>caffiur</span> <span class='ocrx_word' id='word_1_298' title='bbox 907 3819 963 3881; x_wconf 89' lang='lat' dir='ltr'>lib.</span> <span class='ocrx_word' id='word_1_299' title='bbox 982 3834 1039 3895; x_wconf 78' lang='lat'>52.</span> <span class='ocrx_word' id='word_1_300' title='bbox 1057 3833 1137 3880; x_wconf 84' lang='lat' dir='ltr'>extr.</span> <span class='ocrx_word' id='word_1_301' title='bbox 1158 3820 1204 3880; x_wconf 81' lang='lat' dir='ltr'>ita</span> 
     </span>
     <span class='ocr_line' id='line_1_34' title="bbox 104 3916 1203 4007; baseline -0.011 -19"><span class='ocrx_word' id='word_1_302' title='bbox 104 4000 106 4006; x_wconf 28' lang='grc' dir='ltr'>Ι</span> <span class='ocrx_word' id='word_1_303' title='bbox 165 3944 234 3989; x_wconf 81' lang='lat' dir='ltr'>tem</span> <span class='ocrx_word' id='word_1_304' title='bbox 249 3925 388 4007; x_wconf 86' lang='lat' dir='ltr'>expedit,</span> <span class='ocrx_word' id='word_1_305' title='bbox 408 3922 592 4006; x_wconf 76' lang='lat' dir='ltr'>Augustum,</span> <span class='ocrx_word' id='word_1_306' title='bbox 610 3924 695 4003; x_wconf 88' lang='lat' dir='ltr'>quod</span> <span class='ocrx_word' id='word_1_307' title='bbox 710 3924 859 4003; x_wconf 82' lang='lat' dir='ltr'>Lepidus,</span> <span class='ocrx_word' id='word_1_308' title='bbox 880 3917 1002 3982; x_wconf 79' lang='lat' dir='ltr'>Africae</span> <span class='ocrx_word' id='word_1_309' title='bbox 1015 3916 1203 4003; x_wconf 82' lang='lat' dir='ltr'>praelectus,</span> 
     </span>
     <span class='ocr_line' id='line_1_35' title="bbox 164 4017 1206 4109; baseline -0.008 -19"><span class='ocrx_word' id='word_1_310' title='bbox 164 4028 233 4091; x_wconf 84' lang='lat' dir='ltr'>eius</span> <span class='ocrx_word' id='word_1_311' title='bbox 247 4040 369 4109; x_wconf 81' lang='lat' dir='ltr'>partem</span> <span class='ocrx_word' id='word_1_312' title='bbox 383 4026 495 4085; x_wconf 83' lang='lat' dir='ltr'>incolis</span> <span class='ocrx_word' id='word_1_313' title='bbox 509 4023 671 4085; x_wconf 79' lang='lat' dir='ltr'>orbaverat</span> <span class='ocrx_word' id='word_1_314' title='bbox 686 4038 718 4086; x_wconf 93' lang='lat' dir='ltr'>et</span> <span class='ocrx_word' id='word_1_315' title='bbox 732 4024 876 4086; x_wconf 86' lang='lat' dir='ltr'>coloniae</span> <span class='ocrx_word' id='word_1_316' title='bbox 887 4023 937 4084; x_wconf 85' lang='lat' dir='ltr'>ius</span> <span class='ocrx_word' id='word_1_317' title='bbox 952 4017 1099 4082; x_wconf 84' lang='lat' dir='ltr'>[ulluliffe</span> <span class='ocrx_word' id='word_1_318' title='bbox 1116 4019 1206 4083; x_wconf 82' lang='lat' dir='ltr'>vide·</span> 
     </span>
     <span class='ocr_line' id='line_1_36' title="bbox 163 4119 1207 4213; baseline -0.008 -20"><span class='ocrx_word' id='word_1_319' title='bbox 163 4127 275 4213; x_wconf 82' lang='lat' dir='ltr'>batur,</span> <span class='ocrx_word' id='word_1_320' title='bbox 309 4127 419 4189; x_wconf 84' lang='lat' dir='ltr'>denuo</span> <span class='ocrx_word' id='word_1_321' title='bbox 450 4125 583 4187; x_wconf 87' lang='lat' dir='ltr'>colonos</span> <span class='ocrx_word' id='word_1_322' title='bbox 603 4142 644 4188; x_wconf 90' lang='lat' dir='ltr'>eo</span> <span class='ocrx_word' id='word_1_323' title='bbox 667 4122 838 4191; x_wconf 83' lang='lat' dir='ltr'>deduxille.</span> <span class='ocrx_word' id='word_1_324' title='bbox 890 4121 943 4186; x_wconf 84' lang='lat' dir='ltr'>cf.</span> <span class='ocrx_word' id='word_1_325' title='bbox 975 4121 1137 4185; x_wconf 84' lang='lat' dir='ltr'>Fabricius</span> <span class='ocrx_word' id='word_1_326' title='bbox 1164 4119 1207 4187; x_wconf 80' lang='lat' dir='ltr'>ad</span> 
     </span>
    </p>
   </div>
   <div class='ocr_carea' id='block_1_4' title="bbox 104 4221 949 4321">
    <p class='ocr_par' dir='ltr' id='par_1_4' title="bbox 104 4221 949 4321">
     <span class='ocr_line' id='line_1_37' title="bbox 104 4221 949 4321; baseline -0.004 -21"><span class='ocrx_word' id='word_1_327' title='bbox 104 4299 107 4305; x_wconf 83' lang='grc'>,</span> <span class='ocrx_word' id='word_1_328' title='bbox 210 4244 308 4321; x_wconf 76' lang='lat' dir='ltr'>Pomp.</span> <span class='ocrx_word' id='word_1_329' title='bbox 325 4242 418 4301; x_wconf 70' lang='lat' dir='ltr'>Metu</span> <span class='ocrx_word' id='word_1_330' title='bbox 438 4242 557 4317; x_wconf 66' lang='lat' dir='ltr'>Exegst.</span> <span class='ocrx_word' id='word_1_331' title='bbox 572 4238 653 4299; x_wconf 66' lang='lat' dir='ltr'>tt.</span> <span class='ocrx_word' id='word_1_332' title='bbox 684 4272 691 4289; x_wconf 85' lang='lat'><strong>.</strong></span> <span class='ocrx_word' id='word_1_333' title='bbox 907 4221 949 4287; x_wconf 74' lang='grc' dir='ltr'><strong>Μ</strong></span> 
     </span>
    </p>
   </div>
   <div class='ocr_carea' id='block_1_5' title="bbox 0 0 1336 4716">
    <p class='ocr_par' dir='ltr' id='par_1_5' title="bbox 0 0 1336 4716">
     <span class='ocr_line' id='line_1_38' title="bbox 0 0 1336 4716; baseline 0 0"><span class='ocrx_word' id='word_1_334' title='bbox 0 0 1336 4716; x_wconf 95' lang='lat' dir='ltr'> </span> 
     </span>
    </p>
   </div>
  </div>
 </body>
</html>
