<?xml version="1.0" encoding="UTF-8"?>
<!DOCTYPE html PUBLIC "-//W3C//DTD XHTML 1.0 Transitional//EN"
    "http://www.w3.org/TR/xhtml1/DTD/xhtml1-transitional.dtd">
<html xmlns="http://www.w3.org/1999/xhtml" xml:lang="en" lang="en">
 <head>
  <title>
</title>
<meta http-equiv="Content-Type" content="text/html;charset=utf-8" />
  <meta name='ocr-system' content='tesseract 3.04.00' />
  <meta name='ocr-capabilities' content='ocr_page ocr_carea ocr_par ocr_line ocrx_word'/>
</head>
<body>
  <div class='ocr_page' id='page_1' title='image "./desitvorbislibr00melagoog_0449.png"; bbox 0 0 2634 4716; ppageno 0'>
   <div class='ocr_carea' id='block_1_1' title="bbox 115 392 1010 479">
    <p class='ocr_par' dir='ltr' id='par_1_1' title="bbox 115 392 1010 479">
     <span class='ocr_line' id='line_1_1' title="bbox 115 392 1010 479; baseline -0.003 -22"><span class='ocrx_word' id='word_1_1' title='bbox 115 413 117 419; x_wconf 25' lang='lat' dir='ltr'><strong>r</strong></span> <span class='ocrx_word' id='word_1_2' title='bbox 230 400 361 479; x_wconf 74' lang='lat'><strong>444-</strong></span> <span class='ocrx_word' id='word_1_3' title='bbox 501 392 667 457; x_wconf 65' lang='lat' dir='ltr'><strong>troila</strong></span> <span class='ocrx_word' id='word_1_4' title='bbox 706 394 1010 455; x_wconf 80' lang='lat' dir='ltr'><strong>axaoarrcarr</strong></span> 
     </span>
    </p>
   </div>
   <div class='ocr_carea' id='block_1_2' title="bbox 91 530 1277 643">
    <p class='ocr_par' dir='ltr' id='par_1_2' title="bbox 91 530 1277 643">
     <span class='ocr_line' id='line_1_2' title="bbox 91 530 1277 643; baseline -0.004 -6"><span class='ocrx_word' id='word_1_5' title='bbox 91 624 103 643; x_wconf 90' lang='lat'><strong>.</strong></span> <span class='ocrx_word' id='word_1_6' title='bbox 197 530 201 535; x_wconf 27' lang='grc' dir='ltr'>Ι</span> <span class='ocrx_word' id='word_1_7' title='bbox 231 590 325 636; x_wconf 68' lang='lat' dir='ltr'><strong>arva.</strong></span> <span class='ocrx_word' id='word_1_8' title='bbox 369 571 421 635; x_wconf 89' lang='lat' dir='ltr'><strong>De</strong></span> <span class='ocrx_word' id='word_1_9' title='bbox 436 588 515 634; x_wconf 84' lang='lat' dir='ltr'><strong>vero</strong></span> <span class='ocrx_word' id='word_1_10' title='bbox 531 567 671 635; x_wconf 82' lang='lat' dir='ltr'><strong>Caucaso</strong></span> <span class='ocrx_word' id='word_1_11' title='bbox 693 570 776 633; x_wconf 88' lang='lat' dir='ltr'><strong>male</strong></span> <span class='ocrx_word' id='word_1_12' title='bbox 790 569 856 633; x_wconf 85' lang='lat' dir='ltr'><strong>huc</strong></span> <span class='ocrx_word' id='word_1_13' title='bbox 876 571 915 633; x_wconf 90' lang='lat' dir='ltr'><strong>ab</strong></span> <span class='ocrx_word' id='word_1_14' title='bbox 931 546 1099 632; x_wconf 69' lang='lat' dir='ltr'><strong>Aleuandri</strong></span> <span class='ocrx_word' id='word_1_15' title='bbox 1116 566 1277 632; x_wconf 71' lang='lat' dir='ltr'><strong>militibus</strong></span> 
     </span>
    </p>
   </div>
   <div class='ocr_carea' id='block_1_3' title="bbox 171 666 1277 1668">
    <p class='ocr_par' dir='ltr' id='par_1_3' title="bbox 171 666 1277 1668">
     <span class='ocr_line' id='line_1_3' title="bbox 230 666 1275 757; baseline -0.005 -21"><span class='ocrx_word' id='word_1_16' title='bbox 230 674 382 736; x_wconf 81' lang='lat' dir='ltr'><strong>tranelato</strong></span> <span class='ocrx_word' id='word_1_17' title='bbox 397 674 575 743; x_wconf 80' lang='lat' dir='ltr'><strong>adfirmant.</strong></span> <span class='ocrx_word' id='word_1_18' title='bbox 600 666 713 734; x_wconf 79' lang='lat' dir='ltr'><strong>Strabo</strong></span> <span class='ocrx_word' id='word_1_19' title='bbox 733 693 788 737; x_wconf 87' lang='grc' dir='ltr'><strong>ιι.</strong></span> <span class='ocrx_word' id='word_1_20' title='bbox 808 693 840 757; x_wconf 89' lang='lat' dir='ltr'><strong>p.</strong></span> <span class='ocrx_word' id='word_1_21' title='bbox 852 671 968 754; x_wconf 75' lang='lat' dir='ltr'><strong>348.s.</strong></span> <span class='ocrx_word' id='word_1_22' title='bbox 979 672 1062 750; x_wconf 79' lang='lat'><strong>506.</strong></span> <span class='ocrx_word' id='word_1_23' title='bbox 1079 671 1125 734; x_wconf 89' lang='lat' dir='ltr'><strong>in.</strong></span> <span class='ocrx_word' id='word_1_24' title='bbox 1149 684 1183 732; x_wconf 88' lang='lat' dir='ltr'><strong>et</strong></span> <span class='ocrx_word' id='word_1_25' title='bbox 1196 669 1275 752; x_wconf 81' lang='lat' dir='ltr'><strong>posi,</strong></span> 
     </span>
     <span class='ocr_line' id='line_1_4' title="bbox 230 773 1277 856; baseline 0 -22"><span class='ocrx_word' id='word_1_26' title='bbox 230 776 354 842; x_wconf 77' lang='lat' dir='ltr'><strong>Arrian.</strong></span> <span class='ocrx_word' id='word_1_27' title='bbox 372 775 413 836; x_wconf 84' lang='lat' dir='ltr'><strong>de</strong></span> <span class='ocrx_word' id='word_1_28' title='bbox 429 794 499 856; x_wconf 83' lang='lat' dir='ltr'><strong>exp.</strong></span> <span class='ocrx_word' id='word_1_29' title='bbox 518 775 606 837; x_wconf 78' lang='lat' dir='ltr'><strong>Alex.</strong></span> <span class='ocrx_word' id='word_1_30' title='bbox 623 785 656 851; x_wconf 90' lang='lat'><strong>5,</strong></span> <span class='ocrx_word' id='word_1_31' title='bbox 672 788 706 850; x_wconf 85' lang='grc'><strong>5,</strong></span> <span class='ocrx_word' id='word_1_32' title='bbox 722 783 758 854; x_wconf 80' lang='lat'><strong>4.</strong></span> <span class='ocrx_word' id='word_1_33' title='bbox 782 787 815 835; x_wconf 89' lang='lat' dir='ltr'><strong>et</strong></span> <span class='ocrx_word' id='word_1_34' title='bbox 836 775 871 836; x_wconf 91' lang='lat' dir='ltr'><strong>in</strong></span> <span class='ocrx_word' id='word_1_35' title='bbox 895 775 996 837; x_wconf 85' lang='lat' dir='ltr'><strong>indic.</strong></span> <span class='ocrx_word' id='word_1_36' title='bbox 1018 792 1084 855; x_wconf 83' lang='lat' dir='ltr'><strong>cap.</strong></span> <span class='ocrx_word' id='word_1_37' title='bbox 1100 788 1133 835; x_wconf 78' lang='lat' dir='ltr'><strong>a.</strong></span> <span class='ocrx_word' id='word_1_38' title='bbox 1159 773 1277 853; x_wconf 87' lang='lat' dir='ltr'><strong>aliique</strong></span> 
     </span>
     <span class='ocr_line' id='line_1_5' title="bbox 171 872 1275 961; baseline -0.001 -24"><span class='ocrx_word' id='word_1_39' title='bbox 171 912 177 928; x_wconf 67' lang='grc' dir='ltr'><strong>ι</strong></span> <span class='ocrx_word' id='word_1_40' title='bbox 230 877 339 961; x_wconf 85' lang='lat' dir='ltr'><strong>pluree</strong></span> <span class='ocrx_word' id='word_1_41' title='bbox 361 879 497 938; x_wconf 88' lang='lat' dir='ltr'><strong>omnino</strong></span> <span class='ocrx_word' id='word_1_42' title='bbox 516 874 571 936; x_wconf 90' lang='lat' dir='ltr'><strong>hic</strong></span> <span class='ocrx_word' id='word_1_43' title='bbox 586 873 761 939; x_wconf 77' lang='lat' dir='ltr'>Caucasum</span> <span class='ocrx_word' id='word_1_44' title='bbox 780 889 1035 938; x_wconf 81' lang='lat' dir='ltr'><strong>commemorant</strong></span> <span class='ocrx_word' id='word_1_45' title='bbox 1053 894 1126 937; x_wconf 90' lang='lat' dir='ltr'><strong>cum</strong></span> <span class='ocrx_word' id='word_1_46' title='bbox 1147 872 1275 944; x_wconf 78' lang='lat' dir='ltr'><strong>Nostro.</strong></span> 
     </span>
     <span class='ocr_line' id='line_1_6' title="bbox 212 974 1277 1063; baseline -0.007 -21"><span class='ocrx_word' id='word_1_47' title='bbox 212 990 269 1055; x_wconf 76' lang='lat' dir='ltr'><strong>¹ut</strong></span> <span class='ocrx_word' id='word_1_48' title='bbox 289 979 415 1041; x_wconf 75' lang='lat' dir='ltr'><strong>Plinius</strong></span> <span class='ocrx_word' id='word_1_49' title='bbox 432 989 466 1055; x_wconf 90' lang='grc'><strong>5,</strong></span> <span class='ocrx_word' id='word_1_50' title='bbox 484 991 543 1054; x_wconf 76' lang='lat'><strong>27.</strong></span> <span class='ocrx_word' id='word_1_51' title='bbox 571 978 606 1048; x_wconf 83' lang='lat'><strong>6.</strong></span> <span class='ocrx_word' id='word_1_52' title='bbox 624 991 684 1055; x_wconf 76' lang='lat'><strong>23.</strong></span> <span class='ocrx_word' id='word_1_53' title='bbox 707 974 730 1038; x_wconf 93' lang='lat' dir='ltr'><strong>s.</strong></span> <span class='ocrx_word' id='word_1_54' title='bbox 747 993 806 1041; x_wconf 77' lang='lat'><strong>20.</strong></span> <span class='ocrx_word' id='word_1_55' title='bbox 840 976 972 1040; x_wconf 85' lang='lat' dir='ltr'><strong>Curtiue</strong></span> <span class='ocrx_word' id='word_1_56' title='bbox 988 988 1021 1055; x_wconf 79' lang='grc'><strong>5,</strong></span> <span class='ocrx_word' id='word_1_57' title='bbox 1043 995 1077 1063; x_wconf 84' lang='lat'><strong>9.</strong></span> <span class='ocrx_word' id='word_1_58' title='bbox 1102 989 1134 1056; x_wconf 83' lang='grc'><strong>5.</strong></span> <span class='ocrx_word' id='word_1_59' title='bbox 1162 989 1195 1038; x_wconf 89' lang='lat' dir='ltr'><strong>et</strong></span> <span class='ocrx_word' id='word_1_60' title='bbox 1219 974 1277 1035; x_wconf 90' lang='lat' dir='ltr'><strong>ubi</strong></span> 
     </span>
     <span class='ocr_line' id='line_1_7' title="bbox 230 1075 1277 1154; baseline -0.005 -11"><span class='ocrx_word' id='word_1_61' title='bbox 230 1080 315 1143; x_wconf 85' lang='lat' dir='ltr'><strong>male</strong></span> <span class='ocrx_word' id='word_1_62' title='bbox 333 1076 441 1148; x_wconf 80' lang='lat' dir='ltr'><strong>miscet</strong></span> <span class='ocrx_word' id='word_1_63' title='bbox 459 1094 492 1153; x_wconf 85' lang='lat'><strong>7,</strong></span> <span class='ocrx_word' id='word_1_64' title='bbox 510 1092 544 1154; x_wconf 80' lang='grc'><strong>3,</strong></span> <span class='ocrx_word' id='word_1_65' title='bbox 560 1095 620 1142; x_wconf 75' lang='grc' dir='ltr'><strong>ιι.</strong></span> <span class='ocrx_word' id='word_1_66' title='bbox 647 1077 808 1143; x_wconf 81' lang='lat' dir='ltr'><strong>Plutarch.</strong></span> <span class='ocrx_word' id='word_1_67' title='bbox 823 1079 859 1140; x_wconf 88' lang='lat' dir='ltr'><strong>in</strong></span> <span class='ocrx_word' id='word_1_68' title='bbox 873 1092 952 1143; x_wconf 87' lang='lat' dir='ltr'><strong>orat.</strong></span> <span class='ocrx_word' id='word_1_69' title='bbox 973 1094 1006 1143; x_wconf 75' lang='lat' dir='ltr'><strong>o.</strong></span> <span class='ocrx_word' id='word_1_70' title='bbox 1029 1082 1069 1142; x_wconf 88' lang='lat' dir='ltr'><strong>de</strong></span> <span class='ocrx_word' id='word_1_71' title='bbox 1085 1075 1277 1141; x_wconf 76' lang='lat' dir='ltr'><strong>fortitudine</strong></span> 
     </span>
     <span class='ocr_line' id='line_1_8' title="bbox 229 1177 1277 1263; baseline -0.001 -22"><span class='ocrx_word' id='word_1_72' title='bbox 229 1182 321 1245; x_wconf 76' lang='lat' dir='ltr'><strong>Alex.</strong></span> <span class='ocrx_word' id='word_1_73' title='bbox 338 1200 369 1262; x_wconf 86' lang='lat' dir='ltr'><strong>p.</strong></span> <span class='ocrx_word' id='word_1_74' title='bbox 385 1200 430 1242; x_wconf 90' lang='lat' dir='ltr'><strong>m.</strong></span> <span class='ocrx_word' id='word_1_75' title='bbox 447 1192 532 1260; x_wconf 74' lang='lat'><strong>525.</strong></span> <span class='ocrx_word' id='word_1_76' title='bbox 563 1177 698 1260; x_wconf 86' lang='lat' dir='ltr'><strong>Dionys.</strong></span> <span class='ocrx_word' id='word_1_77' title='bbox 715 1199 749 1243; x_wconf 85' lang='lat' dir='ltr'><strong>v.</strong></span> <span class='ocrx_word' id='word_1_78' title='bbox 771 1190 877 1261; x_wconf 75' lang='lat'><strong>1154.</strong></span> <span class='ocrx_word' id='word_1_79' title='bbox 904 1181 1015 1263; x_wconf 80' lang='lat' dir='ltr'>ibique</span> <span class='ocrx_word' id='word_1_80' title='bbox 1036 1180 1223 1244; x_wconf 85' lang='lat' dir='ltr'><strong>Euslathiue</strong></span> <span class='ocrx_word' id='word_1_81' title='bbox 1243 1192 1277 1240; x_wconf 86' lang='lat' dir='ltr'><strong>et</strong></span> 
     </span>
     <span class='ocr_line' id='line_1_9' title="bbox 230 1283 1277 1364; baseline 0.001 -21"><span class='ocrx_word' id='word_1_82' title='bbox 230 1285 270 1344; x_wconf 86' lang='lat' dir='ltr'><strong>ad</strong></span> <span class='ocrx_word' id='word_1_83' title='bbox 286 1283 421 1344; x_wconf 85' lang='lat' dir='ltr'><strong>Homer.</strong></span> <span class='ocrx_word' id='word_1_84' title='bbox 441 1284 477 1346; x_wconf 93' lang='lat' dir='ltr'><strong>ll.</strong></span> <span class='ocrx_word' id='word_1_85' title='bbox 497 1298 530 1352; x_wconf 77' lang='lat' dir='ltr'><strong>o.</strong></span> <span class='ocrx_word' id='word_1_86' title='bbox 548 1294 633 1360; x_wconf 77' lang='lat'><strong>⁴735.</strong></span> <span class='ocrx_word' id='word_1_87' title='bbox 650 1300 682 1364; x_wconf 88' lang='lat' dir='ltr'><strong>p.</strong></span> <span class='ocrx_word' id='word_1_88' title='bbox 701 1302 745 1345; x_wconf 87' lang='grc' dir='ltr'><strong>ιιι.</strong></span> <span class='ocrx_word' id='word_1_89' title='bbox 762 1295 846 1359; x_wconf 80' lang='lat'><strong>251.</strong></span> <span class='ocrx_word' id='word_1_90' title='bbox 885 1285 1011 1345; x_wconf 84' lang='lat' dir='ltr'><strong>Eodem</strong></span> <span class='ocrx_word' id='word_1_91' title='bbox 1025 1284 1127 1346; x_wconf 90' lang='lat' dir='ltr'><strong>modo</strong></span> <span class='ocrx_word' id='word_1_92' title='bbox 1142 1283 1277 1344; x_wconf 78' lang='lat' dir='ltr'><strong>Alexan·</strong></span> 
     </span>
     <span class='ocr_line' id='line_1_10' title="bbox 230 1383 1276 1467; baseline 0.003 -26"><span class='ocrx_word' id='word_1_93' title='bbox 230 1385 282 1447; x_wconf 85' lang='lat' dir='ltr'><strong>dri</strong></span> <span class='ocrx_word' id='word_1_94' title='bbox 303 1384 425 1446; x_wconf 78' lang='lat' dir='ltr'><strong>militae</strong></span> <span class='ocrx_word' id='word_1_95' title='bbox 449 1385 609 1454; x_wconf 80' lang='lat' dir='ltr'><strong>laxarten.</strong></span> <span class='ocrx_word' id='word_1_96' title='bbox 635 1386 870 1467; x_wconf 75' lang='lat' dir='ltr'><strong>Sogdianorum</strong></span> <span class='ocrx_word' id='word_1_97' title='bbox 894 1383 1016 1445; x_wconf 86' lang='lat' dir='ltr'><strong>flumen</strong></span> <span class='ocrx_word' id='word_1_98' title='bbox 1040 1384 1165 1445; x_wconf 83' lang='lat' dir='ltr'><strong>Tanain</strong></span> <span class='ocrx_word' id='word_1_99' title='bbox 1186 1398 1276 1464; x_wconf 85' lang='lat' dir='ltr'><strong>pura·</strong></span> 
     </span>
     <span class='ocr_line' id='line_1_11' title="bbox 229 1483 1275 1567; baseline -0.003 -20"><span class='ocrx_word' id='word_1_100' title='bbox 229 1497 308 1547; x_wconf 88' lang='lat' dir='ltr'><strong>runt</strong></span> <span class='ocrx_word' id='word_1_101' title='bbox 320 1498 353 1546; x_wconf 81' lang='lat' dir='ltr'><strong>et</strong></span> <span class='ocrx_word' id='word_1_102' title='bbox 368 1485 585 1567; x_wconf 82' lang='lat' dir='ltr'><strong>adpellanrnt,</strong></span> <span class='ocrx_word' id='word_1_103' title='bbox 610 1486 661 1545; x_wconf 87' lang='lat' dir='ltr'><strong>uri</strong></span> <span class='ocrx_word' id='word_1_104' title='bbox 685 1497 799 1548; x_wconf 88' lang='lat' dir='ltr'><strong>monet</strong></span> <span class='ocrx_word' id='word_1_105' title='bbox 813 1485 938 1548; x_wconf 72' lang='lat' dir='ltr'><strong>l&#39;siniue</strong></span> <span class='ocrx_word' id='word_1_106' title='bbox 955 1487 989 1556; x_wconf 83' lang='grc'><strong>6,</strong></span> <span class='ocrx_word' id='word_1_107' title='bbox 1012 1498 1066 1561; x_wconf 82' lang='grc' dir='ltr'><strong>ι8.</strong></span> <span class='ocrx_word' id='word_1_108' title='bbox 1081 1483 1102 1549; x_wconf 92' lang='lat' dir='ltr'><strong>s.</strong></span> <span class='ocrx_word' id='word_1_109' title='bbox 1127 1487 1182 1549; x_wconf 78' lang='lat' dir='ltr'><strong>ro.</strong></span> <span class='ocrx_word' id='word_1_110' title='bbox 1209 1484 1275 1548; x_wconf 87' lang='lat' dir='ltr'><strong>alii·</strong></span> 
     </span>
     <span class='ocr_line' id='line_1_12' title="bbox 228 1584 1275 1668; baseline 0 -21"><span class='ocrx_word' id='word_1_111' title='bbox 228 1596 304 1668; x_wconf 64' lang='lat' dir='ltr'><strong>que,</strong></span> <span class='ocrx_word' id='word_1_112' title='bbox 325 1587 412 1647; x_wconf 88' lang='lat' dir='ltr'><strong>unde</strong></span> <span class='ocrx_word' id='word_1_113' title='bbox 431 1586 465 1645; x_wconf 89' lang='lat' dir='ltr'><strong>in</strong></span> <span class='ocrx_word' id='word_1_114' title='bbox 481 1605 602 1651; x_wconf 87' lang='lat' dir='ltr'><strong>erroree</strong></span> <span class='ocrx_word' id='word_1_115' title='bbox 615 1586 747 1667; x_wconf 87' lang='lat' dir='ltr'><strong>quidam</strong></span> <span class='ocrx_word' id='word_1_116' title='bbox 762 1586 892 1649; x_wconf 83' lang='lat' dir='ltr'><strong>deducti</strong></span> <span class='ocrx_word' id='word_1_117' title='bbox 906 1586 990 1649; x_wconf 89' lang='lat' dir='ltr'><strong>sunt.</strong></span> <span class='ocrx_word' id='word_1_118' title='bbox 1024 1584 1075 1651; x_wconf 89' lang='lat' dir='ltr'><strong>Cs.</strong></span> <span class='ocrx_word' id='word_1_119' title='bbox 1092 1585 1174 1649; x_wconf 83' lang='lat' dir='ltr'><strong>inim</strong></span> <span class='ocrx_word' id='word_1_120' title='bbox 1191 1586 1230 1649; x_wconf 88' lang='lat' dir='ltr'><strong>ad</strong></span> <span class='ocrx_word' id='word_1_121' title='bbox 1246 1606 1275 1658; x_wconf 87' lang='grc' dir='ltr'><strong>ι,</strong></span> 
     </span>
    </p>
   </div>
   <div class='ocr_carea' id='block_1_4' title="bbox 103 1684 1275 1775">
    <p class='ocr_par' dir='ltr' id='par_1_4' title="bbox 103 1684 1275 1775">
     <span class='ocr_line' id='line_1_13' title="bbox 103 1684 1275 1775; baseline 0.002 -27"><span class='ocrx_word' id='word_1_122' title='bbox 103 1710 107 1724; x_wconf 92' lang='grc'><strong><em>·</em></strong></span> <span class='ocrx_word' id='word_1_123' title='bbox 235 1705 293 1767; x_wconf 83' lang='grc' dir='ltr'><strong>ι9,</strong></span> <span class='ocrx_word' id='word_1_124' title='bbox 316 1699 368 1764; x_wconf 83' lang='grc' dir='ltr'><strong>ι5.</strong></span> <span class='ocrx_word' id='word_1_125' title='bbox 394 1700 427 1748; x_wconf 85' lang='lat' dir='ltr'><strong>et</strong></span> <span class='ocrx_word' id='word_1_126' title='bbox 449 1687 635 1747; x_wconf 89' lang='lat' dir='ltr'><strong>Harduinue</strong></span> <span class='ocrx_word' id='word_1_127' title='bbox 655 1687 694 1747; x_wconf 90' lang='lat' dir='ltr'><strong>ad</strong></span> <span class='ocrx_word' id='word_1_128' title='bbox 717 1687 803 1750; x_wconf 88' lang='lat' dir='ltr'><strong>Plin.</strong></span> <span class='ocrx_word' id='word_1_129' title='bbox 818 1707 846 1751; x_wconf 84' lang='lat' dir='ltr'><strong>c.</strong></span> <span class='ocrx_word' id='word_1_130' title='bbox 860 1689 882 1750; x_wconf 90' lang='lat' dir='ltr'><strong>l.</strong></span> <span class='ocrx_word' id='word_1_131' title='bbox 936 1689 1070 1753; x_wconf 86' lang='lat' dir='ltr'><strong>Cautiue</strong></span> <span class='ocrx_word' id='word_1_132' title='bbox 1090 1684 1146 1751; x_wconf 84' lang='lat' dir='ltr'><strong>alii</strong></span> <span class='ocrx_word' id='word_1_133' title='bbox 1162 1700 1275 1775; x_wconf 76' lang='lat' dir='ltr'><strong>agunt.</strong></span> 
     </span>
    </p>
   </div>
   <div class='ocr_carea' id='block_1_5' title="bbox 194 1788 1299 3807">
    <p class='ocr_par' dir='ltr' id='par_1_5' title="bbox 194 1788 1299 3807">
     <span class='ocr_line' id='line_1_14' title="bbox 230 1788 1274 1872; baseline 0.001 -21"><span class='ocrx_word' id='word_1_134' title='bbox 230 1808 248 1851; x_wconf 86' lang='lat' dir='ltr'><strong>a</strong></span> <span class='ocrx_word' id='word_1_135' title='bbox 267 1788 400 1870; x_wconf 81' lang='lat' dir='ltr'><strong>quibua,</strong></span> <span class='ocrx_word' id='word_1_136' title='bbox 425 1803 496 1859; x_wconf 79' lang='lat' dir='ltr'><strong>uter</strong></span> <span class='ocrx_word' id='word_1_137' title='bbox 516 1807 611 1850; x_wconf 81' lang='lat' dir='ltr'><strong>mone</strong></span> <span class='ocrx_word' id='word_1_138' title='bbox 632 1788 875 1872; x_wconf 75' lang='lat' dir='ltr'><strong>intelligendus.</strong></span> <span class='ocrx_word' id='word_1_139' title='bbox 902 1791 1031 1852; x_wconf 74' lang='lat' dir='ltr'><strong>adiectis</strong></span> <span class='ocrx_word' id='word_1_140' title='bbox 1046 1789 1155 1853; x_wconf 73' lang='lat' dir='ltr'><strong>verbio</strong></span> <span class='ocrx_word' id='word_1_141' title='bbox 1175 1790 1274 1852; x_wconf 80' lang='lat' dir='ltr'><strong>decla·</strong></span> 
     </span>
     <span class='ocr_line' id='line_1_15' title="bbox 228 1885 1271 1976; baseline 0.003 -25"><span class='ocrx_word' id='word_1_142' title='bbox 228 1903 328 1972; x_wconf 61' lang='lat' dir='ltr'><strong>natur.</strong></span> <span class='ocrx_word' id='word_1_143' title='bbox 379 1891 432 1963; x_wconf 72' lang='lat' dir='ltr'><strong>lta</strong></span> <span class='ocrx_word' id='word_1_144' title='bbox 444 1885 568 1950; x_wconf 75' lang='lat' dir='ltr'><strong>Plinius</strong></span> <span class='ocrx_word' id='word_1_145' title='bbox 590 1890 624 1961; x_wconf 89' lang='lat'><strong>6,</strong></span> <span class='ocrx_word' id='word_1_146' title='bbox 647 1903 707 1969; x_wconf 74' lang='lat'><strong>25.</strong></span> <span class='ocrx_word' id='word_1_147' title='bbox 725 1888 746 1953; x_wconf 87' lang='lat' dir='ltr'><strong>s.</strong></span> <span class='ocrx_word' id='word_1_148' title='bbox 764 1907 824 1954; x_wconf 81' lang='lat'><strong>20.</strong></span> <span class='ocrx_word' id='word_1_149' title='bbox 854 1893 973 1953; x_wconf 88' lang='lat' dir='ltr'><strong>lndum</strong></span> <span class='ocrx_word' id='word_1_150' title='bbox 990 1890 1115 1954; x_wconf 83' lang='lat' dir='ltr'><strong>effundi</strong></span> <span class='ocrx_word' id='word_1_151' title='bbox 1137 1893 1171 1953; x_wconf 91' lang='lat' dir='ltr'><strong>in</strong></span> <span class='ocrx_word' id='word_1_152' title='bbox 1197 1894 1271 1976; x_wconf 83' lang='lat' dir='ltr'><strong>iugo</strong></span> 
     </span>
     <span class='ocr_line' id='line_1_16' title="bbox 228 1989 1271 2075; baseline 0.001 -22"><span class='ocrx_word' id='word_1_153' title='bbox 228 1989 357 2056; x_wconf 81' lang='lat' dir='ltr'><strong>Caucasr</strong></span> <span class='ocrx_word' id='word_1_154' title='bbox 373 1992 505 2061; x_wconf 80' lang='lat' dir='ltr'><strong>muntia,</strong></span> <span class='ocrx_word' id='word_1_155' title='bbox 528 1992 615 2072; x_wconf 89' lang='lat' dir='ltr'><strong>quod</strong></span> <span class='ocrx_word' id='word_1_156' title='bbox 636 2004 770 2055; x_wconf 77' lang='lat' dir='ltr'><strong>vocetur</strong></span> <span class='ocrx_word' id='word_1_157' title='bbox 786 1992 1006 2075; x_wconf 86' lang='lat' dir='ltr'><strong>Paropamisue</strong></span> <span class='ocrx_word' id='word_1_158' title='bbox 1027 1992 1147 2057; x_wconf 81' lang='lat' dir='ltr'><strong>eodem</strong></span> <span class='ocrx_word' id='word_1_159' title='bbox 1162 1995 1271 2065; x_wconf 83' lang='lat' dir='ltr'><strong>modo,</strong></span> 
     </span>
     <span class='ocr_line' id='line_1_17' title="bbox 227 2091 1271 2177; baseline 0.003 -22"><span class='ocrx_word' id='word_1_160' title='bbox 227 2112 295 2177; x_wconf 85' lang='lat' dir='ltr'><strong>quo</strong></span> <span class='ocrx_word' id='word_1_161' title='bbox 314 2093 436 2157; x_wconf 81' lang='lat' dir='ltr'><strong>Arrian.</strong></span> <span class='ocrx_word' id='word_1_162' title='bbox 459 2092 500 2153; x_wconf 86' lang='lat' dir='ltr'><strong>de</strong></span> <span class='ocrx_word' id='word_1_163' title='bbox 525 2091 640 2174; x_wconf 84' lang='lat' dir='ltr'><strong>exped.</strong></span> <span class='ocrx_word' id='word_1_164' title='bbox 663 2093 753 2159; x_wconf 79' lang='lat' dir='ltr'><strong>Alex.</strong></span> <span class='ocrx_word' id='word_1_165' title='bbox 771 2093 818 2155; x_wconf 90' lang='lat' dir='ltr'><strong>M.</strong></span> <span class='ocrx_word' id='word_1_166' title='bbox 837 2107 869 2172; x_wconf 93' lang='grc'><strong>5,</strong></span> <span class='ocrx_word' id='word_1_167' title='bbox 893 2109 925 2173; x_wconf 82' lang='grc'><strong>5.</strong></span> <span class='ocrx_word' id='word_1_168' title='bbox 947 2092 969 2159; x_wconf 90' lang='lat' dir='ltr'><strong>s.</strong></span> <span class='ocrx_word' id='word_1_169' title='bbox 989 2105 1023 2172; x_wconf 84' lang='lat'><strong>5.</strong></span> <span class='ocrx_word' id='word_1_170' title='bbox 1044 2105 1078 2173; x_wconf 68' lang='grc'><strong>4.</strong></span> <span class='ocrx_word' id='word_1_171' title='bbox 1096 2095 1144 2158; x_wconf 92' lang='lat' dir='ltr'><strong>in.</strong></span> <span class='ocrx_word' id='word_1_172' title='bbox 1165 2093 1271 2158; x_wconf 86' lang='lat' dir='ltr'><strong>sonter</strong></span> 
     </span>
     <span class='ocr_line' id='line_1_18' title="bbox 226 2192 1270 2280; baseline 0 -21"><span class='ocrx_word' id='word_1_173' title='bbox 226 2198 300 2259; x_wconf 88' lang='lat' dir='ltr'><strong>eiue</strong></span> <span class='ocrx_word' id='word_1_174' title='bbox 318 2192 455 2256; x_wconf 78' lang='lat' dir='ltr'><strong>ostendit</strong></span> <span class='ocrx_word' id='word_1_175' title='bbox 474 2194 509 2255; x_wconf 88' lang='lat' dir='ltr'><strong>in</strong></span> <span class='ocrx_word' id='word_1_176' title='bbox 526 2193 728 2275; x_wconf 77' lang='lat' dir='ltr'><strong>Parapamiso</strong></span> <span class='ocrx_word' id='word_1_177' title='bbox 749 2196 800 2257; x_wconf 83' lang='lat' dir='ltr'><strong>vel</strong></span> <span class='ocrx_word' id='word_1_178' title='bbox 823 2194 1095 2278; x_wconf 85' lang='lat' dir='ltr'><strong>Caucaso,.querrr</strong></span> <span class='ocrx_word' id='word_1_179' title='bbox 1119 2197 1270 2280; x_wconf 83' lang='lat' dir='ltr'><strong>posterio-</strong></span> 
     </span>
     <span class='ocr_line' id='line_1_19' title="bbox 228 2291 1269 2378; baseline 0.005 -21"><span class='ocrx_word' id='word_1_180' title='bbox 228 2295 374 2363; x_wconf 76' lang='lat' dir='ltr'><strong>remhic</strong></span> <span class='ocrx_word' id='word_1_181' title='bbox 399 2292 501 2357; x_wconf 89' lang='lat' dir='ltr'><strong>solum</strong></span> <span class='ocrx_word' id='word_1_182' title='bbox 526 2311 761 2365; x_wconf 76' lang='lat' dir='ltr'><strong>commemorat</strong></span> <span class='ocrx_word' id='word_1_183' title='bbox 783 2297 916 2359; x_wconf 87' lang='lat' dir='ltr'><strong>Curtiua</strong></span> <span class='ocrx_word' id='word_1_184' title='bbox 937 2310 970 2378; x_wconf 81' lang='lat'><strong>8.</strong></span> <span class='ocrx_word' id='word_1_185' title='bbox 992 2316 1027 2376; x_wconf 83' lang='lat'><strong>9,</strong></span> <span class='ocrx_word' id='word_1_186' title='bbox 1053 2312 1086 2378; x_wconf 82' lang='grc'><strong>5.</strong></span> <span class='ocrx_word' id='word_1_187' title='bbox 1138 2291 1269 2363; x_wconf 74' lang='grc' dir='ltr'><strong>Ἰνδικὸν</strong></span> 
     </span>
     <span class='ocr_line' id='line_1_20' title="bbox 227 2387 1269 2463; baseline 0.001 -1"><span class='ocrx_word' id='word_1_188' title='bbox 227 2387 408 2463; x_wconf 67' lang='grc' dir='ltr'><strong>Καύκασον</strong></span> <span class='ocrx_word' id='word_1_189' title='bbox 431 2397 509 2458; x_wconf 80' lang='lat' dir='ltr'><strong>dicit</strong></span> <span class='ocrx_word' id='word_1_190' title='bbox 530 2394 711 2459; x_wconf 74' lang='lat' dir='ltr'><strong>Eidlathiue</strong></span> <span class='ocrx_word' id='word_1_191' title='bbox 725 2399 765 2459; x_wconf 90' lang='lat' dir='ltr'><strong>ad</strong></span> <span class='ocrx_word' id='word_1_192' title='bbox 783 2398 917 2461; x_wconf 82' lang='lat' dir='ltr'><strong>Homer.</strong></span> <span class='ocrx_word' id='word_1_193' title='bbox 934 2418 962 2462; x_wconf 85' lang='lat' dir='ltr'><strong>c.</strong></span> <span class='ocrx_word' id='word_1_194' title='bbox 987 2399 1009 2463; x_wconf 93' lang='lat' dir='ltr'><strong>l.</strong></span> <span class='ocrx_word' id='word_1_195' title='bbox 1060 2399 1150 2463; x_wconf 86' lang='lat' dir='ltr'><strong>Bene</strong></span> <span class='ocrx_word' id='word_1_196' title='bbox 1174 2402 1269 2463; x_wconf 84' lang='lat' dir='ltr'><strong>eriam</strong></span> 
     </span>
     <span class='ocr_line' id='line_1_21' title="bbox 205 2497 1270 2582; baseline 0.008 -27"><span class='ocrx_word' id='word_1_197' title='bbox 205 2550 208 2555; x_wconf 92' lang='lat'><strong>.</strong></span> <span class='ocrx_word' id='word_1_198' title='bbox 227 2501 355 2564; x_wconf 87' lang='lat' dir='ltr'><strong>monito</strong></span> <span class='ocrx_word' id='word_1_199' title='bbox 369 2497 514 2579; x_wconf 85' lang='lat' dir='ltr'><strong>providit</strong></span> <span class='ocrx_word' id='word_1_200' title='bbox 528 2497 679 2564; x_wconf 76' lang='lat' dir='ltr'><strong>Arrianus</strong></span> <span class='ocrx_word' id='word_1_201' title='bbox 694 2510 727 2576; x_wconf 89' lang='grc'><strong>5,</strong></span> <span class='ocrx_word' id='word_1_202' title='bbox 739 2512 777 2577; x_wconf 85' lang='grc'><strong>5.</strong></span> <span class='ocrx_word' id='word_1_203' title='bbox 800 2519 866 2582; x_wconf 81' lang='lat' dir='ltr'><strong>quo</strong></span> <span class='ocrx_word' id='word_1_204' title='bbox 882 2499 969 2562; x_wconf 88' lang='lat' dir='ltr'><strong>sensu</strong></span> <span class='ocrx_word' id='word_1_205' title='bbox 984 2499 1159 2562; x_wconf 76' lang='lat' dir='ltr'><strong>Caucasum</strong></span> <span class='ocrx_word' id='word_1_206' title='bbox 1181 2503 1270 2564; x_wconf 85' lang='lat' dir='ltr'><strong>intel·</strong></span> 
     </span>
     <span class='ocr_line' id='line_1_22' title="bbox 227 2592 1299 2683; baseline 0.005 -21"><span class='ocrx_word' id='word_1_207' title='bbox 227 2599 348 2662; x_wconf 85' lang='lat' dir='ltr'><strong>lectum</strong></span> <span class='ocrx_word' id='word_1_208' title='bbox 370 2596 478 2660; x_wconf 83' lang='lat' dir='ltr'><strong>vellet.</strong></span> <span class='ocrx_word' id='word_1_209' title='bbox 529 2598 577 2659; x_wconf 84' lang='lat' dir='ltr'><strong>lta</strong></span> <span class='ocrx_word' id='word_1_210' title='bbox 594 2617 670 2661; x_wconf 85' lang='lat' dir='ltr'><strong>vero</strong></span> <span class='ocrx_word' id='word_1_211' title='bbox 689 2601 818 2683; x_wconf 88' lang='lat' dir='ltr'><strong>proprie</strong></span> <span class='ocrx_word' id='word_1_212' title='bbox 833 2620 889 2665; x_wconf 83' lang='lat' dir='ltr'><strong>eoa</strong></span> <span class='ocrx_word' id='word_1_213' title='bbox 908 2617 1037 2664; x_wconf 76' lang='lat' dir='ltr'><strong>montet</strong></span> <span class='ocrx_word' id='word_1_214' title='bbox 1052 2592 1184 2667; x_wconf 77' lang='lat' dir='ltr'><strong>vooatoe</strong></span> <span class='ocrx_word' id='word_1_215' title='bbox 1200 2604 1270 2676; x_wconf 80' lang='lat' dir='ltr'><strong>esse.</strong></span> <span class='ocrx_word' id='word_1_216' title='bbox 1296 2610 1299 2615; x_wconf 80' lang='grc'><em>’</em></span> 
     </span>
     <span class='ocr_line' id='line_1_23' title="bbox 194 2698 1268 2785; baseline 0.008 -25"><span class='ocrx_word' id='word_1_217' title='bbox 194 2724 197 2729; x_wconf 96' lang='grc'><strong><em>·</em></strong></span> <span class='ocrx_word' id='word_1_218' title='bbox 227 2701 286 2783; x_wconf 89' lang='lat' dir='ltr'><strong>qui</strong></span> <span class='ocrx_word' id='word_1_219' title='bbox 301 2698 340 2761; x_wconf 85' lang='lat' dir='ltr'><strong>ab</strong></span> <span class='ocrx_word' id='word_1_220' title='bbox 355 2698 437 2759; x_wconf 80' lang='lat' dir='ltr'><strong>driie</strong></span> <span class='ocrx_word' id='word_1_221' title='bbox 451 2714 639 2771; x_wconf 83' lang='lat' dir='ltr'><strong>excurrunt,</strong></span> <span class='ocrx_word' id='word_1_222' title='bbox 665 2702 761 2762; x_wconf 82' lang='lat' dir='ltr'><strong>tradit</strong></span> <span class='ocrx_word' id='word_1_223' title='bbox 779 2702 893 2765; x_wconf 86' lang='lat' dir='ltr'><strong>Strabo</strong></span> <span class='ocrx_word' id='word_1_224' title='bbox 914 2722 969 2767; x_wconf 90' lang='grc' dir='ltr'><strong>ιι.</strong></span> <span class='ocrx_word' id='word_1_225' title='bbox 991 2723 1024 2785; x_wconf 87' lang='lat' dir='ltr'><strong>p.</strong></span> <span class='ocrx_word' id='word_1_226' title='bbox 1043 2717 1128 2781; x_wconf 70' lang='lat'><strong>352.</strong></span> <span class='ocrx_word' id='word_1_227' title='bbox 1145 2704 1167 2768; x_wconf 91' lang='lat' dir='ltr'><strong>s.</strong></span> <span class='ocrx_word' id='word_1_228' title='bbox 1185 2720 1227 2784; x_wconf 91' lang='grc' dir='ltr'><strong>5ι</strong></span> <span class='ocrx_word' id='word_1_229' title='bbox 1240 2725 1268 2772; x_wconf 86' lang='grc' dir='ltr'><strong>ι.</strong></span> 
     </span>
     <span class='ocr_line' id='line_1_24' title="bbox 227 2788 1269 2892; baseline 0.008 -30"><span class='ocrx_word' id='word_1_230' title='bbox 227 2801 293 2866; x_wconf 74' lang='lat' dir='ltr'><strong>dlii</strong></span> <span class='ocrx_word' id='word_1_231' title='bbox 308 2800 397 2861; x_wconf 90' lang='lat' dir='ltr'><strong>aliter</strong></span> <span class='ocrx_word' id='word_1_232' title='bbox 418 2800 592 2882; x_wconf 82' lang='lat' dir='ltr'><strong>explicant,</strong></span> <span class='ocrx_word' id='word_1_233' title='bbox 618 2816 652 2864; x_wconf 92' lang='lat' dir='ltr'><strong>et</strong></span> <span class='ocrx_word' id='word_1_234' title='bbox 667 2788 821 2864; x_wconf 63' lang='grc' dir='ltr'><strong>ιιῐοιιιιιί</strong></span> <span class='ocrx_word' id='word_1_235' title='bbox 829 2804 869 2865; x_wconf 88' lang='lat' dir='ltr'><strong>ad</strong></span> <span class='ocrx_word' id='word_1_236' title='bbox 883 2802 1131 2885; x_wconf 87' lang='lat' dir='ltr'><strong>Paropamisum,</strong></span> <span class='ocrx_word' id='word_1_237' title='bbox 1154 2805 1269 2892; x_wconf 80' lang='lat' dir='ltr'><strong>(Arria-</strong></span> 
     </span>
     <span class='ocr_line' id='line_1_25' title="bbox 221 2901 1272 2988; baseline 0.007 -23"><span class='ocrx_word' id='word_1_238' title='bbox 221 2922 302 2982; x_wconf 64' lang='lat' dir='ltr'><strong>3nua.</strong></span> <span class='ocrx_word' id='word_1_239' title='bbox 319 2901 454 2972; x_wconf 81' lang='lat' dir='ltr'><strong>Pliniue‚</strong></span> <span class='ocrx_word' id='word_1_240' title='bbox 476 2914 573 2969; x_wconf 25' lang='lat' dir='ltr'><strong>antea.</strong></span> <span class='ocrx_word' id='word_1_241' title='bbox 581 2905 698 2981; x_wconf 84' lang='lat' dir='ltr'><strong>notati)</strong></span> <span class='ocrx_word' id='word_1_242' title='bbox 723 2905 762 2966; x_wconf 90' lang='lat' dir='ltr'><strong>ad</strong></span> <span class='ocrx_word' id='word_1_243' title='bbox 777 2906 915 2975; x_wconf 85' lang='lat' dir='ltr'><strong>lmaum.</strong></span> <span class='ocrx_word' id='word_1_244' title='bbox 931 2905 1075 2983; x_wconf 82' lang='lat' dir='ltr'><strong>(Orosrue</strong></span> <span class='ocrx_word' id='word_1_245' title='bbox 1096 2928 1126 2979; x_wconf 94' lang='grc' dir='ltr'><strong>ι,</strong></span> <span class='ocrx_word' id='word_1_246' title='bbox 1141 2914 1191 2988; x_wconf 75' lang='lat' dir='ltr'><strong>a.)</strong></span> <span class='ocrx_word' id='word_1_247' title='bbox 1219 2909 1272 2973; x_wconf 86' lang='lat' dir='ltr'><strong>vel</strong></span> 
     </span>
     <span class='ocr_line' id='line_1_26' title="bbox 227 2999 1271 3088; baseline 0.009 -21"><span class='ocrx_word' id='word_1_248' title='bbox 227 2999 629 3085; x_wconf 70' lang='lat' dir='ltr'><strong>Paropamrsum,&#39;1maum</strong></span> <span class='ocrx_word' id='word_1_249' title='bbox 642 3018 674 3068; x_wconf 91' lang='lat' dir='ltr'><strong>et</strong></span> <span class='ocrx_word' id='word_1_250' title='bbox 690 3006 891 3069; x_wconf 87' lang='lat' dir='ltr'><strong>Hemodum.</strong></span> <span class='ocrx_word' id='word_1_251' title='bbox 914 3006 1111 3088; x_wconf 78' lang='lat' dir='ltr'><strong>(Eustathiue</strong></span> <span class='ocrx_word' id='word_1_252' title='bbox 1130 3012 1170 3072; x_wconf 83' lang='lat' dir='ltr'><strong>ad</strong></span> <span class='ocrx_word' id='word_1_253' title='bbox 1193 3013 1271 3076; x_wconf 85' lang='lat' dir='ltr'><strong>Dio·</strong></span> 
     </span>
     <span class='ocr_line' id='line_1_27' title="bbox 227 3102 1271 3190; baseline 0.013 -26"><span class='ocrx_word' id='word_1_254' title='bbox 227 3102 298 3186; x_wconf 85' lang='lat' dir='ltr'><strong>nys.</strong></span> <span class='ocrx_word' id='word_1_255' title='bbox 315 3125 346 3166; x_wconf 85' lang='lat' dir='ltr'><strong>v.</strong></span> <span class='ocrx_word' id='word_1_256' title='bbox 369 3108 490 3184; x_wconf 80' lang='lat'><strong>1155.)</strong></span> <span class='ocrx_word' id='word_1_257' title='bbox 541 3107 681 3188; x_wconf 75' lang='lat' dir='ltr'><strong>Adparet</strong></span> <span class='ocrx_word' id='word_1_258' title='bbox 695 3109 789 3177; x_wconf 86' lang='lat' dir='ltr'><strong>inde.</strong></span> <span class='ocrx_word' id='word_1_259' title='bbox 812 3122 928 3190; x_wconf 84' lang='lat' dir='ltr'><strong>quanta</strong></span> <span class='ocrx_word' id='word_1_260' title='bbox 945 3106 981 3169; x_wconf 84' lang='lat' dir='ltr'><strong>sit</strong></span> <span class='ocrx_word' id='word_1_261' title='bbox 1000 3123 1147 3175; x_wconf 80' lang='lat' dir='ltr'><strong>veterum</strong></span> <span class='ocrx_word' id='word_1_262' title='bbox 1164 3130 1271 3178; x_wconf 86' lang='lat' dir='ltr'><strong>aucto·</strong></span> 
     </span>
     <span class='ocr_line' id='line_1_28' title="bbox 226 3206 1271 3298; baseline 0.011 -30"><span class='ocrx_word' id='word_1_263' title='bbox 226 3227 301 3271; x_wconf 89' lang='lat' dir='ltr'><strong>rum</strong></span> <span class='ocrx_word' id='word_1_264' title='bbox 317 3209 352 3281; x_wconf 89' lang='lat' dir='ltr'><strong>in</strong></span> <span class='ocrx_word' id='word_1_265' title='bbox 369 3206 554 3268; x_wconf 86' lang='lat' dir='ltr'><strong>definiendo</strong></span> <span class='ocrx_word' id='word_1_266' title='bbox 575 3207 638 3272; x_wconf 88' lang='lat' dir='ltr'><strong>hoc</strong></span> <span class='ocrx_word' id='word_1_267' title='bbox 654 3207 793 3273; x_wconf 81' lang='lat' dir='ltr'><strong>Caucaso</strong></span> <span class='ocrx_word' id='word_1_268' title='bbox 809 3209 1040 3282; x_wconf 79' lang='lat' dir='ltr'><strong>inconstantia,</strong></span> <span class='ocrx_word' id='word_1_269' title='bbox 1073 3229 1271 3298; x_wconf 81' lang='lat' dir='ltr'><strong>quantaeque</strong></span> 
     </span>
     <span class='ocr_line' id='line_1_29' title="bbox 225 3307 1270 3395; baseline 0.011 -25"><span class='ocrx_word' id='word_1_270' title='bbox 225 3312 262 3374; x_wconf 93' lang='lat' dir='ltr'><strong>in</strong></span> <span class='ocrx_word' id='word_1_271' title='bbox 277 3309 374 3385; x_wconf 81' lang='lat' dir='ltr'><strong>rebua</strong></span> <span class='ocrx_word' id='word_1_272' title='bbox 389 3307 617 3393; x_wconf 75' lang='lat' dir='ltr'><strong>Geographicie</strong></span> <span class='ocrx_word' id='word_1_273' title='bbox 631 3311 746 3374; x_wconf 86' lang='lat' dir='ltr'><strong>harum</strong></span> <span class='ocrx_word' id='word_1_274' title='bbox 761 3313 931 3395; x_wconf 76' lang='lat' dir='ltr'><strong>regionum</strong></span> <span class='ocrx_word' id='word_1_275' title='bbox 951 3311 1058 3375; x_wconf 85' lang='lat' dir='ltr'><strong>turbae</strong></span> <span class='ocrx_word' id='word_1_276' title='bbox 1072 3309 1199 3379; x_wconf 76' lang='lat' dir='ltr'><strong>dederit</strong></span> <span class='ocrx_word' id='word_1_277' title='bbox 1218 3338 1270 3381; x_wconf 84' lang='lat' dir='ltr'><strong>ex·</strong></span> 
     </span>
     <span class='ocr_line' id='line_1_30' title="bbox 226 3410 1273 3499; baseline 0.01 -25"><span class='ocrx_word' id='word_1_278' title='bbox 226 3411 352 3499; x_wconf 88' lang='lat' dir='ltr'><strong>peditio</strong></span> <span class='ocrx_word' id='word_1_279' title='bbox 372 3410 552 3491; x_wconf 80' lang='lat' dir='ltr'><strong>Alexandri.</strong></span> <span class='ocrx_word' id='word_1_280' title='bbox 605 3413 701 3479; x_wconf 83' lang='lat' dir='ltr'><strong>Plura</strong></span> <span class='ocrx_word' id='word_1_281' title='bbox 716 3413 1106 3498; x_wconf 75' lang='lat' dir='ltr'><strong>,conlegeruntsioropiue</strong></span> <span class='ocrx_word' id='word_1_282' title='bbox 1120 3420 1155 3479; x_wconf 88' lang='lat' dir='ltr'><strong>in</strong></span> <span class='ocrx_word' id='word_1_283' title='bbox 1174 3420 1273 3484; x_wconf 89' lang='lat' dir='ltr'><strong>lndo·</strong></span> 
     </span>
     <span class='ocr_line' id='line_1_31' title="bbox 226 3511 1270 3607; baseline 0.014 -36"><span class='ocrx_word' id='word_1_284' title='bbox 226 3511 385 3594; x_wconf 74' lang='lat' dir='ltr'><strong>Scythicis</strong></span> <span class='ocrx_word' id='word_1_285' title='bbox 407 3531 439 3592; x_wconf 87' lang='lat' dir='ltr'><strong>p.</strong></span> <span class='ocrx_word' id='word_1_286' title='bbox 452 3524 539 3591; x_wconf 80' lang='lat'><strong>475.</strong></span> <span class='ocrx_word' id='word_1_287' title='bbox 565 3514 706 3583; x_wconf 81' lang='lat' dir='ltr'><strong>Raderue</strong></span> <span class='ocrx_word' id='word_1_288' title='bbox 722 3515 759 3577; x_wconf 88' lang='lat' dir='ltr'><strong>ad</strong></span> <span class='ocrx_word' id='word_1_289' title='bbox 775 3514 867 3579; x_wconf 86' lang='lat' dir='ltr'><strong>Curr.</strong></span> <span class='ocrx_word' id='word_1_290' title='bbox 881 3530 915 3590; x_wconf 84' lang='lat'><strong>7,</strong></span> <span class='ocrx_word' id='word_1_291' title='bbox 933 3527 967 3597; x_wconf 82' lang='grc'><strong>5,</strong></span> <span class='ocrx_word' id='word_1_292' title='bbox 989 3533 1048 3596; x_wconf 82' lang='grc' dir='ltr'><strong>ι9.</strong></span> <span class='ocrx_word' id='word_1_293' title='bbox 1072 3530 1107 3607; x_wconf 59' lang='lat' dir='ltr'><strong>at</strong></span> <span class='ocrx_word' id='word_1_294' title='bbox 1127 3519 1270 3600; x_wconf 83' lang='lat' dir='ltr'><strong>Bayemr</strong></span> 
     </span>
     <span class='ocr_line' id='line_1_32' title="bbox 227 3611 1267 3704; baseline 0.008 -26"><span class='ocrx_word' id='word_1_295' title='bbox 227 3614 269 3678; x_wconf 90' lang='lat' dir='ltr'><strong>de</strong></span> <span class='ocrx_word' id='word_1_296' title='bbox 295 3631 389 3676; x_wconf 88' lang='lat' dir='ltr'><strong>rrruro</strong></span> <span class='ocrx_word' id='word_1_297' title='bbox 413 3611 570 3678; x_wconf 83' lang='lat' dir='ltr'><strong>Caucaseo</strong></span> <span class='ocrx_word' id='word_1_298' title='bbox 597 3616 632 3676; x_wconf 93' lang='lat' dir='ltr'><strong>in</strong></span> <span class='ocrx_word' id='word_1_299' title='bbox 659 3616 820 3700; x_wconf 67' lang='lat' dir='ltr'><strong>opusculie</strong></span> <span class='ocrx_word' id='word_1_300' title='bbox 847 3638 880 3699; x_wconf 92' lang='lat' dir='ltr'><strong>p.</strong></span> <span class='ocrx_word' id='word_1_301' title='bbox 902 3630 971 3698; x_wconf 84' lang='grc' dir='ltr'><strong>ιι5</strong></span> <span class='ocrx_word' id='word_1_302' title='bbox 988 3616 1052 3700; x_wconf 87' lang='lat' dir='ltr'><strong>sqq.</strong></span> <span class='ocrx_word' id='word_1_303' title='bbox 1075 3631 1110 3680; x_wconf 84' lang='lat' dir='ltr'><strong>et</strong></span> <span class='ocrx_word' id='word_1_304' title='bbox 1132 3642 1165 3704; x_wconf 90' lang='lat' dir='ltr'><strong>p.</strong></span> <span class='ocrx_word' id='word_1_305' title='bbox 1183 3635 1267 3702; x_wconf 75' lang='lat'><strong>208.</strong></span> 
     </span>
     <span class='ocr_line' id='line_1_33' title="bbox 226 3713 1270 3807; baseline 0.009 -27"><span class='ocrx_word' id='word_1_306' title='bbox 226 3717 279 3780; x_wconf 88' lang='lat' dir='ltr'><strong>De</strong></span> <span class='ocrx_word' id='word_1_307' title='bbox 294 3715 446 3807; x_wconf 76' lang='lat' dir='ltr'><strong>Scythico</strong></span> <span class='ocrx_word' id='word_1_308' title='bbox 462 3713 597 3781; x_wconf 75' lang='lat' dir='ltr'><strong>Caucaso</strong></span> <span class='ocrx_word' id='word_1_309' title='bbox 611 3717 677 3783; x_wconf 80' lang='lat' dir='ltr'><strong>uid.</strong></span> <span class='ocrx_word' id='word_1_310' title='bbox 693 3716 775 3782; x_wconf 80' lang='lat' dir='ltr'><strong>insta</strong></span> <span class='ocrx_word' id='word_1_311' title='bbox 788 3719 829 3783; x_wconf 83' lang='lat' dir='ltr'><strong>ad</strong></span> <span class='ocrx_word' id='word_1_312' title='bbox 848 3739 878 3792; x_wconf 93' lang='grc' dir='ltr'><strong>ι,</strong></span> <span class='ocrx_word' id='word_1_313' title='bbox 899 3736 961 3801; x_wconf 79' lang='grc' dir='ltr'><strong>ι9,</strong></span> <span class='ocrx_word' id='word_1_314' title='bbox 978 3733 1034 3800; x_wconf 79' lang='grc' dir='ltr'><strong>ι5.</strong></span> <span class='ocrx_word' id='word_1_315' title='bbox 1056 3722 1146 3787; x_wconf 88' lang='lat' dir='ltr'><strong>etde</strong></span> <span class='ocrx_word' id='word_1_316' title='bbox 1167 3725 1270 3789; x_wconf 82' lang='lat' dir='ltr'><strong>Paro·</strong></span> 
     </span>
    </p>
   </div>
   <div class='ocr_carea' id='block_1_6' title="bbox 225 3807 579 3909">
    <p class='ocr_par' dir='ltr' id='par_1_6' title="bbox 225 3807 579 3909">
     <span class='ocr_line' id='line_1_34' title="bbox 225 3807 579 3909; baseline 0.006 -29"><span class='ocrx_word' id='word_1_317' title='bbox 225 3807 351 3909; x_wconf 78' lang='lat' dir='ltr'><strong>pamiso</strong></span> <span class='ocrx_word' id='word_1_318' title='bbox 373 3817 412 3877; x_wconf 91' lang='lat' dir='ltr'><strong>ad</strong></span> <span class='ocrx_word' id='word_1_319' title='bbox 434 3828 467 3897; x_wconf 82' lang='grc'><strong>5,</strong></span> <span class='ocrx_word' id='word_1_320' title='bbox 490 3835 524 3893; x_wconf 84' lang='lat'><strong>7,</strong></span> <span class='ocrx_word' id='word_1_321' title='bbox 544 3817 579 3882; x_wconf 89' lang='lat'><strong>6.</strong></span> 
     </span>
    </p>
   </div>
   <div class='ocr_carea' id='block_1_7' title="bbox 226 3970 1267 4218">
    <p class='ocr_par' dir='ltr' id='par_1_7' title="bbox 226 3970 1267 4218">
     <span class='ocr_line' id='line_1_35' title="bbox 306 3970 1267 4109; baseline 0.011 -26"><span class='ocrx_word' id='word_1_322' title='bbox 306 3977 488 4109; x_wconf 53' lang='lat' dir='ltr'><strong>caspia}</strong></span> <span class='ocrx_word' id='word_1_323' title='bbox 518 3989 665 4104; x_wconf 66' lang='lat' dir='ltr'><strong>nysae)</strong></span> <span class='ocrx_word' id='word_1_324' title='bbox 714 4023 808 4109; x_wconf 86' lang='lat' dir='ltr'><strong>Quae</strong></span> <span class='ocrx_word' id='word_1_325' title='bbox 838 3970 984 4093; x_wconf 71' lang='lat' dir='ltr'><strong>Merum</strong></span> <span class='ocrx_word' id='word_1_326' title='bbox 1016 4024 1064 4087; x_wconf 83' lang='lat' dir='ltr'><strong>ab·</strong></span> <span class='ocrx_word' id='word_1_327' title='bbox 1090 4026 1267 4109; x_wconf 74' lang='lat' dir='ltr'><strong>Assyriaet</strong></span> 
     </span>
     <span class='ocr_line' id='line_1_36' title="bbox 226 4120 1266 4218; baseline 0.008 -31"><span class='ocrx_word' id='word_1_328' title='bbox 226 4121 344 4188; x_wconf 77' lang='lat' dir='ltr'><strong>ricinia</strong></span> <span class='ocrx_word' id='word_1_329' title='bbox 366 4122 551 4209; x_wconf 74' lang='lat' dir='ltr'><strong>regionibue</strong></span> <span class='ocrx_word' id='word_1_330' title='bbox 572 4120 763 4210; x_wconf 83' lang='lat' dir='ltr'><strong>separabant,</strong></span> <span class='ocrx_word' id='word_1_331' title='bbox 787 4129 871 4193; x_wconf 85' lang='lat' dir='ltr'><strong>etin</strong></span> <span class='ocrx_word' id='word_1_332' title='bbox 887 4127 1058 4195; x_wconf 78' lang='lat' dir='ltr'><strong>Alexandri</strong></span> <span class='ocrx_word' id='word_1_333' title='bbox 1074 4128 1122 4195; x_wconf 87' lang='lat' dir='ltr'><strong>M.</strong></span> <span class='ocrx_word' id='word_1_334' title='bbox 1139 4133 1266 4218; x_wconf 81' lang='lat' dir='ltr'><strong>expedi·</strong></span> 
     </span>
    </p>
   </div>
   <div class='ocr_carea' id='block_1_8' title="bbox 0 0 1322 4716">
    <p class='ocr_par' dir='ltr' id='par_1_8' title="bbox 0 0 1322 4716">
     <span class='ocr_line' id='line_1_37' title="bbox 0 0 1322 4716; baseline 0 1"><span class='ocrx_word' id='word_1_335' title='bbox 0 0 1322 4716; x_wconf 95' lang='lat' dir='ltr'><strong> </strong></span> 
     </span>
    </p>
   </div>
  </div>
 </body>
</html>
