2634 4716
188 419 240 477 ru
266 418 404 478 rouo.
433 418 540 476 unt.
580 420 662 478 ω.
704 416 837 501 orm.
879 418 959 493 tr.
1002 429 1096 477 =2or
1224 404 1227 411 '

49 592 133 659 bort.
158 607 213 669 17.
236 610 270 676 p:
292 591 375 670 576.
402 590 528 674 [857.
568 594 657 657 Hinc
682 580 801 661 Catuli.
827 611 860 674 7,
882 606 918 677 4.
941 584 1101 688 lafirpr’ti·
1170 640 1177 651 .

43 688 146 788 ferae
170 693 321 778 Cyrenae.
369 694 460 756 Olim
477 695 590 765 libera.
617 697 688 780 post
702 699 867 784 Aegyptiis
881 701 965 765 vicu
984 697 1104 779 paruit,

53 792 197 878 denique
218 796 396 858 Ptolemaei
418 798 553 879 Apionis
580 798 769 863 testamento
793 800 961 882 provincia
982 799 1103 863 itoma-

52 918 176 960 norum
191 895 270 958 iacta
287 897 330 959 eli
347 917 374 959 a.
391 899 430 961 U.
448 898 486 961 C.
502 901 587 977 657.
610 914 647 960 ut
661 921 701 962 ex
717 902 802 964 lulio
819 901 958 984 Obsequ.
974 919 1002 963 c.
1018 917 1103 983 ¹09·

52 984 196 1062 discitur.
232 1000 283 1067 De
299 997 362 1080 ipia
384 1019 417 1061 ro
440 1001 556 1082 plures.
591 1001 634 1065 dt
654 1003 724 1066 eiua
739 1004 832 1089 regni
854 1005 1001 1065 civitatee
1021 1017 1104 1065 tuno

52 1101 171 1164 liberae
193 1097 255 1162 ell'e
282 1097 426 1161 leuatum
455 1099 585 1174 iuffille,
623 1120 727 1166 uarrot
756 1104 843 1167 Livii
876 1087 1018 1187 epitot‘ue
1040 1120 1101 1181 70.

45 1203 145 1285 -quod
172 1201 305 1283 quidam
338 1200 376 1262 stc
402 1203 589 1275 conciliant,
624 1218 662 1268 ut
688 1207 811 1277 dicant,
846 1206 980 1268 liberam
1006 1200 1104 1267 initio

55 1302 164 1373 tutte.
191 1300 260 1384 poll
276 1322 292 1363 a
309 1304 453 1383 tyrannis
475 1304 650 1387 obpreffam
667 1310 846 1389 iterumque
867 1318 1052 1389 occupatam
1069 1307 1106 1370 itt

56 1404 249 1493 provinciae
270 1402 408 1465 formam
433 1405 590 1468 transtille.
634 1408 706 1470 ord
732 1410 773 1471 de
799 1410 861 1471 hoc
884 1411 954 1472 vid.
978 1407 1107 1481 Duker.

55 1509 99 1571 ed
115 1508 190 1568 Liv.
206 1525 234 1569 c.
250 1505 271 1569 l.
301 1507 492 1588 interpretes
516 1507 668 1591 Eutropii
689 1497 722 1580 6.
744 1529 799 1572 ιι.
817 1509 889 1591 69.
923 1509 1012 1574 Sexti
1029 1508 1107 1570 lluli

55 1627 88 1673 c.
108 1610 165 1688 t'5.
193 1606 306 1692 Sigon.
330 1609 371 1669 de
393 1608 525 1689 antiquo
546 1609 614 1670 iure
635 1609 787 1674 Proviuo.
807 1626 838 1682 a,
862 1611 917 1676 16.
943 1623 977 1672 et
991 1590 1108 1673 Cellar'.

54 1710 95 1774 tn
111 1708 232 1796 Geogr.
247 1723 312 1772 ant.
328 1718 364 1790 4,
382 1725 413 1781 o,
430 1723 490 1790 57.
526 1710 569 1773 H.
587 1710 703 1773 dicitur
717 1712 861 1777 Borean.

64 1938 67 1955 ·
134 1906 407 1995 Hammonis)
463 1915 516 1979 De
540 1916 736 2001 etymologia
766 1917 890 1978 variant
921 1914 1108 1981 lentcutiae.

56 2011 115 2081 ci.
129 2014 290 2079 Plutarch.
311 2014 353 2077 de
374 2012 522 2078 lude-
538 2038 571 2100 p.
590 2019 674 2098 596.
697 2015 821 2100 (Lipl.)
847 2018 1047 2080 Freinshem.
1067 2014 1109 2079 ad

60 2118 156 2183 curt.
176 2125 213 2194 4,
237 2131 270 2192 7,
296 2129 331 2193 5.
356 2130 391 2177 et
409 2116 443 2178 in
466 2118 591 2190 indice,
625 2118 775 2181 Bochart.
803 2124 837 2178 in
860 2119 991 2202 Phaleg.
1020 2136 1049 2188 1,
1072 2131 1108 2181 a.

59 2218 210 2283 Strauclr.
230 2218 264 2279 io
284 2216 353 2279 diff.
376 2219 417 2279 de
440 2220 520 2281 love
543 2221 737 2291 Hammone,
764 2220 925 2303 Viteberg.
948 2219 1054 2298 1669.
1072 2227 1113 2296 4.·

58 2320 223 2401 simulque
237 2321 278 2380 de
293 2321 362 2380 eiua
378 2321 505 2383 oraculo
522 2320 606 2385 Voll.
623 2316 789 2382 de'idolol.
811 2341 840 2390 ι,
860 2334 918 2395 07.
935 2331 968 2381 et
986 2333 1046 2398 30.
1078 2335 1111 2390 o.

69 2441 128 2485 tr.
155 2423 272 2482 llauier
289 2421 490 2485 Gotterlehre
504 2425 546 2485 Τ.
565 2444 592 2484 r.
610 2443 641 2505 p.
652 2423 725 2503 690
736 2419 799 2502 sqq.
815 2423 856 2484 T.
867 2437 898 2484 0.
916 2442 949 2504 p.
961 2420 1034 2499 609
1045 2417 1117 2500 qu.

61 2523 179 2589 Boliue
195 2524 230 2582 in
252 2524 360 2584 indice
383 2522 502 2605 Nepot.
524 2525 556 2586 h.
579 2545 613 2586 v.
647 2523 813 2586 Staveren.
833 2522 872 2584 ad
901 2522 1023 2607 Hygin.
1045 2518 1113 2587 tab.

66 2637 155 2705 133.
188 2623 401 2706 Oudendorp.
422 2626 462 2713 ad
483 2624 601 2687 Lucan.
623 2642 657 2704 9,
680 2637 767 2704 512.
791 2636 877 2703 513.
899 2637 933 2685 et
948 2642 1027 2706 quoe
1045 2640 1116 2687 me·

62 2739 208 2794 morant.
259 2720 379 2813 ’Δμοῦν
408 2726 498 2788 lovis
526 2727 610 2809 apud
635 2727 812 2813 Aegyptios
837 2745 958 2789 nomeu
982 2723 1062 2797 elle,
1093 2742 1114 2786 e

64 2828 197 2911 Graecip
212 2823 389 2899 inversum,
412 2829 507 2889 tradit
519 2828 717 2900 Plutarchus,
734 2849 761 2890 c.
778 2829 800 2889 l.
827 2828 987 2890 Herodot.
1002 2845 1034 2896 o,
1050 2835 1114 2903 42.

64 2929 125 2993 ubi
145 2920 187 2993 cl.
210 2927 395 3013 Welleling.
420 2942 493 2989 tum
513 2931 601 2991 idem
625 2930 810 2992 Herodotrte
830 2939 866 3006 4,
896 2939 976 3007 tgr.
1024 2927 1139 2990 lovir·
1174 2916 1177 2921 ⁵

63 3034 228 3119 templum
248 3030 370 3091 Thebis
392 3028 481 3092 iuiffe
507 3033 542 3092 iu
566 3050 669 3112 eoque
691 3023 835 3118 ἄγαλμα
858 3021 1114 3116 κριοπρόσωπον,

64 3153 150 3221 quae
174 3133 307 3218 propiue
330 3132 488 3218 originem
512 3131 662 3214 spectant.
715 3132 921 3196 Occalionern
951 3128 1113 3193 condendi

65 3235 189 3300 oraculi
203 3234 398 3315 llerodotue
421 3250 454 3305 a,
482 3246 540 3313 55.
569 3254 585 3294 a
607 3234 729 3296 Thebie
751 3235 848 3296 etiam
870 3232 1000 3313 repetit,
1026 3228 1115 3292 uude

65 3339 125 3423 vul
145 3337 228 3399 duae
248 3332 423 3398 sacerdotes
443 3356 464 3408 ¹u
479 3336 696 3399 Phoenicibue
719 3334 871 3398 adductae
889 3330 1025 3405 luerint,
1060 3330 1116 3393 vel
1241 3394 1244 3405 ,

67 3439 221 3525 geminae
242 3449 311 3499 atro
333 3438 440 3500 colore
463 3437 630 3501 columbae
653 3438 828 3505 erolarinr.
862 3454 1001 3518 quorum
1021 3434 1117 3495 altore

67 3542 127 3605 hle
146 3539 315 3603 conlidens
334 3539 476 3600 humano
497 3558 578 3600 voce
604 3541 637 3599 id
662 3540 866 3622 praeceperit.
927 3536 994 3598 dila
1015 3533 1118 3599 adfert

68 3634 198 3731 ngiu.
221 3661 248 3706 ο.
272 3640 295 3702 l.
329 3641 382 3703 cui
405 3641 480 3704 addi
506 3640 608 3723 potest
634 3640 732 3703 Ovid.
756 3640 888 3702 Metam.
914 3649 946 3716 5,
972 3651 1056 3716 327.
1084 3648 1119 3699 et

13 3772 16 3779 ·
71 3742 265 3809 Serriucad
287 3742 400 3827 Virgil.
422 3744 555 3820 demo„
584 3753 663 3823 198.
715 3739 786 3824 lple
809 3742 930 3823 lupiter
952 3740 986 3800 io
1009 3737 1118 3801 numid

70 3860 107 3911 et
126 3838 267 3933 gerontio
281 3846 384 3928 capite
404 3845 539 3906 arietino
554 3846 702 3928 lingitur,
726 3856 758 3905 et
772 3844 806 3904 in
824 3844 927 3924 poetic
944 3839 1032 3923 saepe
1052 3858 1120 3901 eor·

70 3951 165 4032 niger
183 3949 312 4009 dicitur.
363 3947 437 4009 Vid.
459 3945 561 4010 Ovid.
584 3934 717 4007 Metam.
742 3956 797 4021 15,
820 3957 904 4023 309.
940 3943 1061 4003 Lucan.
1083 3958 1119 4021 9,
1226 3954 1230 3963 ·

73 4054 165 4132 546.
196 4048 594 4126 sit.1rrt.14‚572.-
629 4045 1003 4125 HiucLucan.9.5rr.
1028 4044 1126 4108 tortia
1216 4064 1217 4069 ¹

71 4148 243 4223 ιοηιίὂω,
278 4148 380 4215 oud.
402 4148 539 4215 Metam.
555 4161 590 4230 5,
611 4162 696 4230 328.
721 4149 859 4211 recurvis
881 4164 954 4210 curra
975 4141 1123 4209 corardus
