2634 4716
216 405 281 487 556
360 414 366 427 ·
489 398 650 458 Nom
691 354 1083 459 mmmmm*
1306 356 1312 461 l

113 612 119 623 ·
222 581 364 646 Thraces
378 568 489 665 passim
506 572 656 635 dicuntur
671 574 705 633 in
723 570 808 644 Alia,
834 585 871 657 ut
888 571 1145 656 apud'Thucyd.
1162 586 1199 655 4,
1216 587 1269 653 75.

224 684 344 764 Scylae.
362 699 394 762 p.
408 688 466 757 54.
481 672 581 737 Huds.
615 672 667 737 ei.
683 662 722 735 ἰὰ
736 660 884 757 heolin.
900 675 1015 756 exped.
1031 678 1110 756 Cyri
1127 679 1165 747 6,
1183 689 1218 759 4.
1231 681 1271 742 io.

159 802 162 807 ’
224 785 332 869 Regio
354 777 419 862 ipse
436 779 523 838 veria
546 775 619 836 tulit
643 777 792 846 nomina,
818 777 993 857 inquibus
1017 775 1273 863 suntBebrycia,
1308 774 1312 883 l

227 882 409 966 (Sallusllus
428 884 462 940 in
486 876 595 939 isidor.
618 879 700 962 orig.
721 889 776 954 ¹4·
796 891 829 958 5.
864 878 1051 961 Stephanus
1074 881 1109 943 h.
1137 902 1173 944 v.
1211 883 1273 944 Ser·
1310 960 1312 967 Ι

226 990 303 1051 vius
329 985 369 1046 ad
394 979 506 1065 Virgil.
533 981 613 1040 Aen.
632 990 664 1055 5,
694 992 777 1058 375.
808 993 840 1042 et
871 981 906 1039 in
933 983 1047 1061 primis
1079 984 1273 1066 Appianis

225 1086 377 1151 Mithrid.
397 1102 424 1144 c.
454 1083 506 1158 t.)
539 1078 627 1141 unde
660 1079 846 1162 Bebrycium
879 1101 1007 1162 regnum
1049 1086 1141 1166 apud
1177 1086 1272 1169 Valet.

114 1256 117 1260 Ι
225 1190 378 1264 Flacci„
395 1200 456 1263 99.
490 1183 545 1263 qui
566 1198 639 1243 curn
659 1182 832 1263 Apollonio
847 1183 1107 1266 Argonautarum
1131 1200 1275 1269 temporo

227 1289 387 1366 Bebrycas
401 1283 512 1354 novit,
545 1299 627 1363 quos
644 1303 682 1343 ex
698 1282 799 1361 utyfia
817 1284 880 1344 huc
895 1285 1074 1370 progressos
1096 1286 1164 1350 esse
1186 1287 1276 1350 refert

92 1380 96 1391 '
225 1387 415 1473 Apollodor.
438 1404 466 1455 t,
483 1402 517 1465 9,
538 1400 597 1446 20.
623 1397 655 1443 et
670 1385 807 1446 Thracas
821 1404 860 1446 ex
874 1387 1015 1450 Troiano
1034 1388 1126 1452 bello
1142 1389 1277 1454 reversus

226 1493 307 1555 dicit
332 1489 507 1570 Appianus.
542 1481 594 1547 cf.
620 1489 716 1547 etiam
746 1485 876 1567 Berkel.
898 1489 1117 1573 aristophan.
1144 1513 1178 1574 p.
1198 1504 1276 1571 214.
1309 1540 1312 1599 4

227 1590 441 1675 Mygdoniam
458 1587 581 1648 addunt
597 1584 853 1657 imminuisse,
871 1599 905 1665 5.
929 1604 961 1651 et
976 1592 1088 1654 isidor.
1110 1614 1141 1656 c.
1160 1594 1183 1656 l.
1210 1596 1276 1677 quis
1310 1604 1312 1625 ²

226 1694 414 1781 Mygdouet
435 1707 474 1748 ex
486 1686 687 1777 Macedonia
709 1687 776 1777 huc
798 1691 993 1774 migrarunt,
1029 1714 1179 1775 quorum
1198 1695 1274 1758 sedes
1310 1678 1312 1691 Ι

228 1797 264 1858 in
286 1795 348 1854 hoc
370 1803 469 1850 tractu
492 1788 629 1871 adtingit
656 1791 752 1850 etiam
772 1790 887 1879 ¹Strabo
907 1811 960 1856 ια.
985 1815 1018 1876 p.
1037 1809 1128 1874 555.
1156 1795 1179 1862 s.
1199 1800 1272 1875 564.

228 1874 332 1961 Plura
347 1892 477 1953 nomina
494 1886 638 1971 adposuit
658 1890 742 1951 Plin.
760 1888 871 1971 5,'l40.
890 1892 909 1954 s.
931 1910 990 1972 52.
1014 1897 1049 1956 in
1068 1899 1196 1979 quihus
1209 1899 1272 1960 des·

229 2000 358 2060 deretur
386 1990 623 2073 iliariondyna,
658 2012 752 2074 quam
780 1992 926 2076 adspersis
948 1999 1083 2077 quidem
1110 1998 1271 2083 scripturae

228 2100 320 2162 vitiis
336 2104 594 2157 commemorant
610 2093 775 2172 Syncellus
788 2117 820 2180 p.
837 2098 916 2160 126.
934 2099 1012 2160 Ven.
1043 2102 1269 2165 Ammianus

221 2206 269 2264 “es
287 2196 396 2260 isidor.
424 2197 502 2278 orig.
518 2206 577 2269 15,
594 2212 631 2255 r.
660 2192 725 2254 etii
745 2196 788 2255 ita
817 2212 873 2276 pro
906 2198 1082 2259 Maliande
1111 2204 1150 2262 in
1176 2204 1270 2264 Plinio

228 2294 327 2366 stiam
344 2302 450 2381 legere
460 2296 551 2357 malit
562 2295 758 2357 Harduinue.
794 2297 887 2358 Unde
901 2298 1157 2378 Bithyniadicta
1174 2303 1270 2374 suerit,

228 2405 269 2467 de
285 2420 324 2463 eo
341 2398 381 2460 cs.
395 2399 555 2477 Appianns
568 2416 593 2454 c.
611 2396 632 2457 l.
659 2397 837 2478 Stephanus
853 2396 946 2460 stibi
963 2401 1152 2468 Berkelius.
1182 2409 1270 2470 Exon

227 2507 315 2566 ditur
339 2512 445 2560 autern
474 2488 558 2556 Mela
592 2495 630 2555 ab
659 2499 803 2559 interiori
829 2492 1038 2584 Hellesponto
1069 2509 1216 2573 stinde
1239 2508 1269 2570 ab

225 2602 342 2682 Abydo
364 2600 403 2660 ad
419 2598 518 2657 Tium
540 2597 573 2656 in
590 2594 823 2684 Paphlagoniae
846 2605 996 2674 confinio,
1023 2606 1064 2666 stc
1079 2621 1120 2668 ut
1143 2610 1271 2671 Marian-

226 2706 332 2785 dynos
348 2694 588 2780 complectatur,
614 2700 677 2769 vel,
702 2700 802 2764 [ihus
825 2702 999 2773 excluseris,
1028 2708 1066 2766 ad
1087 2711 1271 2773 Heracleam
1302 2724 1305 2747 ¹

218 2820 336 2886 usque.
373 2798 424 2862 Cf.
440 2804 470 2876 §.
505 2844 521 2893 Ι.
571 2800 683 2861 Strabo
708 2818 761 2864 to.
785 2823 816 2884 p.
835 2806 954 2883 587.s.
978 2806 1061 2885 565.
1087 2811 1208 2874 definit
1222 2814 1271 2875 Pa·
1306 2858 1309 2867 .

127 2918 129 2922 ’
223 2906 397 2990 phlagonia
422 2917 455 2961 et
478 2898 696 2980 Mariandynis
716 2892 754 2962 ah
776 2917 864 2976 ortu,
896 2908 1037 2992 Sangarii
1063 2911 1155 2977 ostiis
1179 2933 1271 2995 usque

226 3009 266 3070 ad
287 3001 526 3067 chalcedonem
546 3016 563 3058 a
584 2995 825 3082 septemtrione,
860 3007 1060 3089 Propontide
1087 3012 1130 3070 ab
1156 3015 1271 3083 occasu,

225 3124 261 3173 st
271 3105 372 3185 Mysia
385 3116 416 3162 et
426 3099 564 3183 Phrygia
577 3100 615 3160 sb
629 3104 774 3165 meridie.
795 3104 852 3186 ,Ei
863 3105 902 3165 lic
914 3106 968 3166 alii
983 3109 1086 3169 modo
1103 3111 1271 3176 latioribus

226 3210 328 3274 modo
348 3202 517 3266 artioribus
542 3203 686 3263 terminis
709 3202 922 3276 concludunt,
952 3224 989 3270 ut
1007 3209 1203 3297 Geographi
1222 3219 1271 3277 do

224 3323 308 3378 sent,
331 3323 364 3369 et
377 3305 568 3389 singularum
584 3304 713 3367 urbium
734 3303 972 3391 descriptiones,
996 3329 1055 3392 pro
1071 3318 1192 3380 aetatis
1207 3315 1269 3378 suas

224 3414 360 3495 quisque
374 3408 513 3476 ratione,
539 3417 572 3464 et
585 3395 680 3467 variis
695 3407 927 3472 mutationibus
943 3411 1028 3474 bello
1047 3412 1269 3480 Mithridatico

223 3513 365 3577 maxime
380 3508 505 3575 inlatis,
534 3524 629 3584 quare
645 3509 741 3569 etiam
755 3510 867 3572 Strabo
879 3512 924 3599 de
937 3510 1132 3585 'difficultate
1148 3519 1185 3579 in
1202 3540 1270 3581 con·

213 3611 391 3678 'slltuendie
418 3607 565 3668 terminis
592 3611 735 3688 queritur
750 3626 807 3687 sn.
830 3632 861 3694 p.
880 3623 964 3691 558.
981 3612 1007 3676 s.
1025 3615 1113 3694 564.
1164 3621 1269 3705 Quam

223 3729 335 3779 sutem
355 3709 517 3794 perlustrat
534 3709 695 3787 hicorant
713 3709 815 3784 Mela,
847 3701 917 3775 eain
941 3713 1069 3797 proprie
1093 3731 1268 3783 tenuerunt
1305 3706 1312 3835 l

226 3815 344 3897 Thyni,
379 3824 415 3871 ut
437 3807 550 3873 diserte
573 3824 686 3872 monet
707 3812 831 3874 Plinius
845 3828 878 3893 5,
902 3829 962 3898 45.
988 3815 1008 3878 s.
1027 3832 1087 3897 52.
1118 3823 1268 3885 interiora

221 3914 379 3996 Bithyni,
411 3910 494 3993 quast
513 3910 576 3973 Bi·
590 3910 692 3992 Thyni
710 3915 849 3995 praefixo
863 3919 1025 3989 ¹artitulo,v
1049 3918 1136 4002 q'uos
1162 3936 1266 3987 tamen

222 4007 403 4103 promiscue
429 4014 481 4074 hic
512 4012 622 4094 ponit,
657 4029 693 4076 ut
719 4012 815 4087 solet,
842 4035 882 4079 ex
909 4021 1044 4092 vicinia,
1076 4035 1113 4083 et
1138 4040 1267 4109 propter

221 4135 430 4184 curnuiunem
456 4114 616 4200 originem
642 4134 681 4176 ex
705 4115 855 4191 Thracia,
889 4117 1021 4207 (Strabo
1045 4140 1101 4188 12.
1130 4147 1165 4208 p.
1187 4141 1263 4207 575.
