2634 4716
137 503 140 507 ¹
212 431 267 490 tx
296 430 435 490 tom.
465 429 572 487 Mat.
613 431 695 493 ω.
736 428 885 495 omt.
927 430 1006 501 tx.
1069 442 1131 505 ω

102 601 180 665 lucit
199 604 252 665 vel
269 623 285 665 a
302 603 428 673 Phoco.
453 602 508 665 vel
523 616 540 665 t
554 601 659 683 phoca
675 604 812 668 marsna.
848 602 1009 667 Posterius
1029 602 1131 666 solum
1204 660 1207 669 .

102 707 185 768 tovit
215 705 395 788 Stephanus
428 705 534 766 addita
572 704 799 795 explicuique,
833 694 921 787 qnod
948 705 1132 768 conditore·

102 806 209 868 ›hocae
226 807 345 868 multae
365 805 486 868 secutae
502 804 639 876 suerint.
671 808 808 867 undeet
829 806 950 888 phocae
968 810 1003 869 in
1023 807 1133 869 numi·

102 908 246 990 tdposttae
262 908 433 975 videntur:
453 908 524 969 Vid.
537 905 657 969 Resche
667 921 700 970 et
710 907 838 985 Eolthel
853 927 880 970 o.
890 928 918 971 c.
933 909 989 973 l.l.
1023 907 1145 990 Ipsum-

102 1025 196 1071 tutem
220 1011 421 1071 conditorem
446 1009 560 1072 Strabo
578 1008 652 1071 sacit
673 1008 729 1074 lib.
748 1020 807 1089 14.
822 1011 867 1072 itt.
890 1010 1133 1073 Atheniensium

102 1110 204 1175 lucem
227 1110 458 1201 Philogenem,
484 1114 536 1172 cui
557 1106 773 1186 Peusaniate7‚
794 1124 826 1190 3.
847 1106 882 1172 Γ.
900 1112 989 1172 addit
1013 1112 1133 1173 Damo-

102 1233 164 1275 tem
186 1210 429 1297 Atheniensem,
456 1226 628 1295 utrumque
655 1210 899 1282 Atheniensem,
935 1208 1026 1277 sociis
1046 1191 1159 1275 Pho·¹

102 1312 242 1378 mensibus
307 1316 348 1376 lu
373 1314 488 1392 Lydia,
520 1327 558 1376 tat
587 1315 628 1375 de
658 1313 727 1376 xliia
756 1312 844 1395 supra
869 1317 1003 1385 monui,
1013 1306 1134 1399 ponl't

102 1414 295 1487 ietodot.
270 1436 298 1486 t,
320 1425 401 1496 142.
436 1412 486 1477 sed
510 1417 657 1478 elidem
669 1434 744 1480 cum
767 1404 1134 1498 aliiutn12.antiquit

106 1502 198 1579 oniae
228 1516 362 1579 utbibtte
389 1537 482 1579 recen
486 1515 539 1580 s.et
592 1517 690 1601 Quod
714 1516 828 1579 Noster
850 1518 961 1581 I'oniae
983 1518 1133 1580 ultimam

102 1619 176 1689 licit,
199 1618 433 1681 consentientes
449 1619 543 1682 habet
562 1619 752 1683 Strabonem
766 1619 822 1682 lib.
840 1630 894 1699 t3.
905 1612 951 1683 in.
969 1635 1003 1681 et
1018 1632 1072 1699 14.
1083 1620 1129 1709 iu.

102 1720 125 1781 it
140 1696 248 1783 contra
258 1716 356 1782 idem
379 1722 503 1783 Aeoliae
524 1721 617 1784 urbes
640 1721 678 1781 ad
700 1721 814 1782 Hermi
838 1720 911 1782 ostia
933 1702 1056 1804 prosetl
1075 1734 1131 1801 13.

102 1821 221 1905 4462.
240 1821 260 1884 s.
277 1833 361 1901 534.
396 1823 592 1900 Plinittm5,
621 1836 678 1901 3t.
698 1818 813 1903 [29.
826 1822 977 1904 aliosque.
1028 1822 1134 1884 Lucu

102 1938 209 1984 entem
229 1937 262 1983 et
278 1922 423 1983 disertam
440 1922 521 1985 lituo
535 1922 782 2004 descriptionem
798 1923 928 1984 exhibet
944 1924 1057 1987 Livius
1073 1936 1132 2005 37,

102 2037 149 2104 lt·
169 2019 193 2085 Γ.
225 2024 361 2085 Portum
383 2022 472 2084 orbiu
501 2027 629 2084 notavit
655 2022 768 2100 Scylax
790 2044 823 2106 p.
845 2037 905 2102 37.
921 2020 1025 2088 llutls.
1051 2026 1134 2091 tluoe

102 2120 251 2188 :lituae
273 2125 295 2188 l.
359 2123 495 2186 ln'finu
520 2125 603 2185 locut
633 2124 745 2184 Strabo
770 2137 823 2201 t4.
851 2144 884 2205 p.
903 2134 988 2205 445.
1007 2123 1027 2186 Γ.
1047 2127 1133 2206 647.

102 2248 213 2311 luem
206 2221 567 2308 Hermeumelsesupta
586 2225 663 2288 dixi.
714 2224 856 2286 Extra
848 2225 997 2308 igitutiu
1017 2225 1134 2292 Nolito
1212 2242 1216 2249 “

101 2348 156 2391 ton
186 2327 288 2390 linum
316 2325 448 2409 spectat.
490 2323 541 2390 sed
574 2348 674 2407 poene
706 2317 859 2417 infusam,
898 2339 930 2388 et
957 2327 1135 2415 obponitur

102 2430 196 2493 tetbis
214 2427 493 2512 praecedentibua.
518 2429 560 2489 In
575 2419 647 2520 ipsa
661 2447 761 2508 poene
776 2416 948 2518 instalu-
976 2426 1036 2511 lpsi
1048 2429 1133 2495 Pho·

102 2530 232 2593 ueensea
259 2532 455 2593 Graecorum
482 2531 578 2613 primi
608 2528 712 2614 longit
737 2529 875 2592 navibus
899 2529 944 2592 uli
972 2528 1061 2603 sunt,
1100 2524 1134 2596 et

102 2634 183 2695 reimt
174 2631 305 2695 Persae
323 2630 482 2717 fugientes
504 2631 640 2693 navibus
657 2633 742 2692 viam
758 2632 791 2692 in
808 2630 971 2702 Hadriam,
994 2618 1135 2714 Tyrrhe·

102 2736 192 2804 tiam,
225 2734 360 2797 lbetiam
378 2747 472 2815 atque
494 2732 670 2796 Tartessum
693 2730 921 2816 patefecerunt.
949 2726 1131 2811 (Herodot.

102 2859 124 2910 t,
135 2832 250 2916 '163.)
291 2830 458 2896 Massiliam
476 2851 636 2919 praeterea
650 2832 874 2905 condiderunt,
898 2835 997 2912 (Mela
1009 2853 1040 2907 2.
1053 2850 1083 2916 5,
1094 2852 1129 2919 3.

102 2954 121 3002 tt
136 2938 181 2999 ibi
199 2942 318 3017 notata)
345 2939 478 2998 colonos
495 2939 528 2999 iu
545 2937 693 3017 Cyrnum
711 2934 732 2998 s.
743 2934 901 2998 Corsicam
919 2937 1131 3014 deduxerunt.

102 3055 121 3103 tt
139 3036 214 3101 intle
236 3040 399 3123 Rhegium
417 3040 617 3102 traiecerunt.
643 3034 821 3120 (Herotlot.
841 3058 870 3108 t,
891 3037 958 3115 163
976 3036 1041 3123 sq.)
1092 3042 1132 3105 lu

102 3142 172 3219 tello
188 3154 298 3204 contra
315 3141 531 3211 Antiochum.
558 3141 613 3202 etii
635 3139 787 3208 deditam.
815 3159 882 3200 nou
905 3151 1038 3220 captam,
1065 3143 1130 3204 slo-

102 3245 174 3306 uani
203 3257 308 3303 tamen
332 3243 451 3303 militen
477 3240 661 3323 spoliarunt.
691 3240 783 3317 (Liv.
810 3254 867 3316 57,
894 3254 952 3321 32.
981 3259 1024 3305 12
1046 3241 1132 3327 sqq.)

102 3348 181 3408 ’lura
197 3346 236 3406 ad
251 3343 410 3404 hillotiam
428 3343 512 3405 utbie
527 3339 768 3425 expromsettant
783 3341 933 3426 Vinding.
947 3344 980 3401 itt
996 3344 1132 3408 Hellene

102 3468 158 3543 »ag
177 3457 263 3527 449.
289 3444 457 3521 (Gronov.
478 3443 555 3508 thes
574 3446 645 3507 Vol.
668 3444 745 3520 tt.)
770 3455 803 3502 et
824 3444 1004 3526 Dappettn
1021 3444 1131 3510 Klein

102 3551 180 3614 llien
207 3569 239 3631 p.
255 3558 326 3625 253
344 3546 385 3629 sq
408 3580 460 3593 -—-
493 3549 530 3607 ad
564 3546 657 3606 sttum
690 3543 851 3607 Chaudler
879 3542 1129 3630 lleisep.109.

102 3672 190 3735 .quo
213 3650 317 3721 locus,
353 3648 408 3709 ubi
429 3648 509 3709 olim
531 3647 633 3720 stetit,
664 3645 838 3729 adpelltttat
858 3645 1130 3733 Palaeopltoggia,

102 3755 126 3819 b
149 3756 218 3819 aliie
241 3753 378 3817 omnino
402 3750 515 3814 Folio.
