2634 4716
218 412 283 485 ete
444 402 448 409 ·
487 398 648 465 rorte
671 398 994 462 -nxrenrrcae

219 582 314 645 enine
330 577 453 642 eaolnn
469 576 572 641 adfert-
590 578 748 642 Ammian.
767 594 823 647 αα.
844 588 877 656 8.
902 591 934 640 et
951 587 1050 638 entea
1068 574 1270 659 Apelleum.

220 694 298 764 904
314 681 374 765 sqq.
402 698 497 763 quare
512 698 580 742 non
598 693 661 742 tam
678 681 861 744 emendatio
879 680 1029 748 ridetur,
1046 676 1167 761 onim
1183 677 1270 762 negli-

219 786 328 870 gentia
343 782 485 856 stinkil,
510 784 564 865 qui
579 784 618 842 ad
635 784 755 844 Arriani
777 783 889 865 peripl.
910 800 942 863 p.
967 801 978 840 r
989 794 1055 857 30.
1079 779 1186 843 refert
1204 774 1271 842 ml·

219 881 342 974 λὶροον.
395 884 526 947 Nomen
549 883 743 967 Parthenios
763 888 848 945 varie
866 884 1051 964 explicant.
1083 884 1130 946 de
1149 898 1218 965 qno
1234 876 1267 943 th

219 989 372 1071 Apollon.
389 1003 423 1056 Ω.
442 998 526 1066 987.
556 1004 630 1046 com
651 985 833 1057 Scholiasta.
859 983 1016 1067 Stephon.
1035 984 1071 1048 h.
1101 1002 1139 1045 rr.
1177 984 1267 1045 Valet.

178 1150 181 1155 ⁴
220 1088 322 1154 Flacc.
339 1101 370 1166 5,
394 1097 474 1166 ¹⁰4·
499 1089 659 1165 Scymnue
681 1087 782 1151 Chiue
804 1089 837 1149 ln
861 1083 972 1170 fragm.
989 1104 1027 1148 v.
1047 1097 1143 1165 228.
1183 1085 1269 1147 Pieri·

220 1211 285 1274 que
302 1192 340 1251 ad
355 1189 512 1261 laetorum
530 1190 649 1250 Dianae
663 1188 815 1260 referunt.
835 1188 931 1270 aliqui
946 1186 984 1247 ad
1004 1186 1127 1250 lenem
1142 1186 1268 1259 emlom,

219 1276 327 1376 quenl
342 1305 499 1373 praeterea
522 1291 679 1373 praedicat
701 1291 841 1354 Eollrth.
856 1291 895 1351 ad
912 1289 1053 1351 Homer.
1078 1290 1123 1351 ll.
1143 1305 1179 1359 Ω.
1194 1298 1266 1368 854.

221 1416 258 1480 p.
274 1415 319 1454 m.
340 1404 425 1473 274.
440 1391 461 1454 l.
480 1390 563 1472 362.
609 1393 678 1454 lcto
695 1407 801 1456 tamen
814 1391 924 1474 rapido
942 1393 977 1451 io
995 1410 1093 1454 mare
1108 1392 1268 1454 decurrere

220 1497 367 1559 adfirmat
387 1494 546 1558 Ammian.
567 1508 625 1562 Μ.
644 1506 677 1572 8.
704 1509 738 1556 et
756 1495 798 1557 lic
818 1512 964 1573 raperem
985 1506 1094 1554 vocat
1113 1492 1218 1557 Ooid.
1235 1511 1268 1555 ex

221 1598 379 1675 Pontoo.
401 1614 456 1663 ao.
473 1595 673 1674 49.·8trabn
694 1610 802 1658 autem
823 1610 877 1657 re.
894 1614 927 1677 p.
945 1604 1033 1672 378.
1053 1592 1080 1658 l.
1099 1604 1192 1678 543.
1210 1612 1266 1656 em·

223 1696 287 1759 lam
304 1697 445 1759 nominie
465 1695 540 1755 inde
556 1694 662 1765 ducit,
690 1699 777 1775 quod
799 1716 855 1778 per
873 1696 983 1757 floride
1000 1695 1080 1757 loca
1105 1695 1265 1759 deleratur.

220 1798 295 1861 Vidi
311 1817 391 1879 quae
406 1798 447 1857 de
463 1795 628 1857 Parthenii
643 1811 676 1857 et
694 1798 864 1859 Crllichori
881 1797 1079 1858 nominihue
1105 1799 1205 1862 docte
1217 1799 1266 1859 die-

222 1897 318 1963 seruit
341 1894 610 1960 Millelrerlichioe
632 1899 671 1959 ed
698 1899 833 1960 Homeri
860 1898 975 1978 hymn.
998 1899 1036 1958 in
1060 1899 1148 1964 Cer.
1169 1921 1202 1963 r.
1217 1916 1265 1980 99.

220 2021 292 2087 pag.
317 2012 385 2079 145
402 1996 465 2081 sqq.
518 2001 560 2060 At
590 1999 704 2061 ‹liverfi
731 1996 863 2062 fuerunt
892 1999 1003 2070 florii,
1040 2020 1135 2081 quoe
1164 2001 1265 2083 leprtrt

224 2104 335 2180 Scylax
350 2122 377 2164 c.
393 2103 415 2164 l.
437 2114 470 2162 et
483 2097 548 2180 ipse
560 2101 708 2182 Apolloo.
722 2116 755 2170 a.
774 2100 899 2182 pnhlq.
915 2114 948 2161 et
963 2114 1054 2180 937.
1076 2120 1164 2164 eum
1180 2104 1268 2165 valer.

220 2206 335 2271 Flacco
351 2217 384 2281 5.
401 2214 459 2284 75.
475 2212 508 2260 et
529 2211 607 2278 ¹04·
635 2203 691 2262 ubi
711 2201 750 2264 cl.
769 2190 1015 2286 Voffioe,'llgen
1027 2204 1071 2263 ad
1092 2205 1267 2267 Homerum

224 2327 251 2369 c.
271 2308 291 2370 l.
310 2325 381 2389 pag.
398 2314 482 2381 528.
506 2317 539 2365 et
554 2303 737 2366 Schneider.
755 2304 792 2364 ad
810 2302 1046 2386 Orph.p.167
1064 2303 1115 2387 sq.
1145 2307 1203 2370 etli
1218 2310 1267 2368 let.

221 2408 297 2471 Nic.
308 2406 435 2468 hoenste
449 2407 483 2464 in
500 2402 626 2467 miscell.
639 2403 833 2486 epiphyltso',
849 2418 903 2480 ι7.
930 2423 968 2465 etr
981 2402 1141 2486 Orpheo,
1155 2422 1192 2471 et
1206 2409 1269 2490 qula

220 2508 385 2572 Parthenii
407 2519 531 2565 tantum
559 2507 768 2567 meminerint
791 2502 862 2576 alii,
895 2505 1036 2567 eundem
1061 2507 1133 2572 effe
1154 2524 1270 2571 utrum·

221 2630 284 2693 que
302 2605 487 2674 contendit,
513 2624 624 2687 parurn
644 2607 774 2688 quidem
795 2609 834 2668 iia
848 2606 942 2667 armie
963 2605 1085 2672 relide.
1144 2609 1270 2695 Paphla

221 2713 336 2797 goniae
358 2707 546 2771 adtribuunt
564 2708 689 2769 Plinioe
707 2709 740 2778 6.
767 2726 797 2770 2.
816 2705 836 2771 l.
858 2728 887 2771 1.
917 2718 951 2767 et
971 2706 1087 2771 Schol.
1110 2711 1272 2794 Apollonii

133 2818 137 2826 “
223 2815 263 2874 erl
282 2830 313 2881 o.
330 2822 415 2891 988.
438 2842 484 2857 -
511 2809 563 2869 alli
582 2810 617 2869 in
637 2809 751 2871 fioihoe
774 2809 947 2886 Bithyniae
968 2820 1001 2870 et
1024 2808 1272 2898 Paphlagoniae

221 2910 367 2999 ponunt,
390 2925 427 2972 ut
443 2911 563 2972 Arrian.
578 2910 611 2969 in
626 2909 748 2991 periplo
763 2930 795 2993 p.
818 2919 873 2987 ¹4·
891 2907 991 2969 Hudl.
1031 2910 1166 2977 Fontee
1182 2915 1273 2978 hebet

221 3014 258 3078 in
276 3013 509 3097 Paphlagonia,
532 3009 659 3090 (serron
679 3028 734 3074 to.
754 3030 786 3093 p.
803 3022 886 3090 374.
904 3009 925 3074 l.
944 3021 1027 3089 543.
1064 3013 1222 3081 Enllath.
1236 3017 1273 3079 al

222 3116 358 3181 Homer.
383 3115 423 3177 ll.
444 3131 475 3183 e.
496 3124 580 3190 855.
610 3133 643 3194 p.
669 3132 713 3174 m.
736 3123 816 3191 274.
834 3114 893 3190 m.)
933 3125 968 3173 et
989 3113 1080 3174 inter
1108 3117 1220 3179 Tium
1245 3130 1275 3181 aa

222 3218 389 3284 Amellrim
412 3215 564 3300 (Ptolem.
580 3224 613 3290 5.
634 3209 678 3297 r.)
707 3216 810 3295 ‘prope
829 3211 991 3275 Selamnm
1014 3211 1146 3294 (schol.
1168 3219 1273 3302 Apoll.

224 3321 264 3382 ad
282 3338 312 3389 2,
326 3328 409 3403 958.
431 3317 472 3378 de
486 3333 552 3396 quo
568 3326 673 3376 tamen
693 3315 759 3377 vid.
776 3310 939 3397 deincepe)
958 3315 994 3375 in
1010 3334 1104 3379 mare
1120 3324 1275 3387 excurrit.

223 3422 352 3493 Hodie,
384 3418 469 3500 quod
491 3414 604 3477 lerihit'
622 3412 785 3500 Biilching
808 3417 877 3479 Vol.
898 3436 927 3478 r.
949 3414 986 3479 P.
1010 3437 1039 3479 ι.
1061 3436 1099 3499 p.
1118 3440 1169 3484 m,
1196 3444 1274 3489 m.

211 3528 358 3586 '‘rocamr
383 3510 550 3608 Gmdesrr.
574 3515 594 3577 l.
618 3516 820 3593 Geroda-Str,
851 3516 1018 3601 (Pococke
1041 3518 1088 3584 T.
1109 3535 1146 3599 3.
1174 3546 1210 3608 p,
1232 3545 1275 3591 m,

229 3625 334 3710 136.)
359 3620 521 3685 aGreeoia
540 3618 678 3689 Berlin.
703 3638 721 3681 a
740 3620 853 3687 Tmcie
869 3618 994 3701 Dolop.
1182 3640 1186 3653 ·

185 3779 189 3785 ἡ
301 3815 513 3916 Sescentos)
564 3822 619 3884 Gr.
646 3816 802 3908 Σήσαμος
832 3823 960 3903 (Scylax
984 3840 1056 3908 pag.
1078 3836 1144 3908 54.
1169 3828 1273 3893 Hudt

225 3927 337 3993 Strabo
354 3942 406 3989 ro.
426 3944 459 4008 p.
471 3932 554 4005 575.
571 3921 593 3985 l.
604 3930 702 4001 5244.
716 3915 855 3987 Euhatlr.
869 3926 906 3984 ed
926 3924 1058 3986 Homer.
1079 3928 1120 3991 ll.
1135 3945 1170 4002 ιι,
1189 3945 1274 4015 853.

94 4073 98 4084 .
223 4050 257 4113 p.
282 4048 327 4091 m.
353 4036 436 4108 274.
460 4027 532 4105 alli)
557 4025 612 4088 rel
634 4012 812 4111 Erjeopor't'
829 4024 1038 4108 (Stephanus
1053 4025 1092 4090 h.
1116 4051 1152 4093 v.
1187 4032 1274 4099 Plio.

225 4133 260 4205 6,
280 4147 314 4197 a.
327 4131 397 4208 -)
415 4122 417 4127 ’
436 4127 513 4194 Fuit
529 4125 607 4195 orbe
622 4127 785 4214 norm.
798 4127 889 4194 ruine
909 4128 1124 4196 mentionem
1144 4131 1275 4202 facim
