2634 4716
160 432 214 492 ιιι
239 432 379 491 runt.
408 430 516 491 nor.
557 435 640 493 nr.
681 432 804 493 cxn.
845 428 926 504 ts.
998 420 1060 533 ιρι

112 616 141 666 ot
166 605 268 687 Keip.·
300 604 341 671 uc
364 603 512 669 Poeooke
529 625 556 669 e.
576 605 598 669 i.
628 608 684 691 qui
702 607 807 677 addit,
837 604 977 668 oontiem
998 602 1065 668 ess'e'

112 724 217 769 torum
236 701 380 795 'tiernium
412 711 562 769 caninum
596 711 637 770 ita
668 708 792 770 dictum
824 706 863 770 ab
894 706 1059 769 fimuiacro

115 850 125 878 .
151 809 238 889 qnod
263 809 401 870 ibi-oiim
416 806 488 870 fuir.
541 809 602 869 Atti
618 811 749 895 vulgare
770 829 890 893 nomen
911 806 1060 869 adierunt

112 930 132 981 r,
157 908 298 971 Arabum
313 910 412 970 Noin
441 908 534 979 Kato.
560 912 647 993 qood
664 912 751 979 idam
774 913 857 973 vult.
909 906 1059 972 Conferri
1128 926 1130 931 ·

112 1033 120 1073 ι
143 1011 184 1072 de
206 1031 244 1073 eo
266 1011 368 1092 poteii
393 1010 501 1072 Mariti
522 1014 619 1076 Tom.
636 1024 670 1076 o.
689 1031 756 1095 cap.
775 1031 808 1091 7.
831 1032 864 1095 p.
889 1028 968 1091 top.
1003 1010 1057 1092 qui

137 1111 223 1172 iliam
251 1133 289 1174 ex
310 1110 515 1195 inscriptione
543 1114 613 1201 rupi
645 1103 935 1175 inciia'Antonino
959 1112 1058 1173 etiam

112 1218 175 1283 cat,
192 1214 420 1295 comprobante
434 1212 639 1295 inscriptione
652 1214 736 1298 apud
746 1213 889 1275 Gudium
905 1232 936 1296 p.
949 1227 1009 1288 72,
1023 1229 1056 1276 u.

115 1334 178 1396 que
196 1312 309 1376 refutat
330 1335 401 1384 eoa,
431 1318 580 1401 qnienrn
602 1331 750 1378 veterum
765 1315 909 1377 Adonida
931 1327 1057 1396 potent.

112 1435 174 1476 *um
206 1416 313 1498 piures
340 1417 416 1494 Lyci
445 1419 577 1478 nomine
605 1415 697 1479 fluvii
720 1417 755 1479 in
778 1416 847 1478 aliia
872 1415 1057 1500 regionibus

112 1531 208 1586 runt,
240 1520 296 1600 qni
319 1530 353 1580 et
375 1512 486 1599 passim
509 1516 771 1589 ooruruiicentur,
802 1519 849 1579 uti
871 1514 993 1579 factum
1013 1515 1075 1579 eu.

112 1617 218 1680 melio.
728 1612 732 1618 ’

112 1767 293 1852 Beudos)
341 1767 484 1832 Dubiam
498 1768 700 1833 bocnomen
720 1785 855 1854 occupat
874 1767 991 1841 sedam,
1014 1768 1056 1833 de

112 1908 114 1921 ι
144 1868 229 1932 cansa
255 1871 432 1953 expofirnrn
465 1871 507 1934 est
537 1874 572 1932 in
601 1874 688 1935 notit
712 1873 828 1934 criticir
853 1893 885 1952 p.
901 1884 974 1951 tuo
993 1870 1056 1953 iqq.

112 1991 157 2037 :ur
176 1969 378 2034 referendum
393 1970 454 2034 affe
470 1972 508 2034 ad
523 1973 661 2035 fluvium
680 1992 780 2055 prope
797 1973 919 2041 Palton.
946 1974 1001 2054 qui
1022 1973 1056 2038 b.

112 2093 155 2136 :ur
169 2073 271 2135 Melae
287 2071 308 2137 i.
322 2072 465 2136 Mettect.
504 2072 588 2135 Narn
601 2073 732 2134 Noitor·
741 2072 831 2144 Kato.
852 2077 906 2155 qui
923 2076 957 2135 in
971 2075 1058 2138 notia

114 2178 142 2239 ir
156 2175 300 2246 additur,
325 2175 363 2237 a'd
384 2174 508 2255 Lycum
528 2174 685 2255 pertinet,
712 2185 749 2235 ut
766 2187 858 2236 antea
876 2175 953 2238 dixi.

112 2322 305 2405 mutes)
344 2323 399 2387 Gr.
421 2316 585 2411 Ὀρόντης.
620 2323 781 2386 Orientem
794 2326 890 2387 etiam
905 2338 1057 2387 vocatum

112 2451 126 2499 t,
143 2427 237 2488 tradit
252 2418 489 2509 lutomaorig.
505 2440 559 2504 13,
570 2441 590 2488 Ω
600 2445 629 2489 ι.
647 2438 681 2488 et
697 2425 774 2489 hinc
789 2428 903 2489 civitot
913 2425 1057 2488 Orientis

112 2543 198 2591 catur
218 2529 255 2605 in,
266 2526 382 2610 Geogr.
398 2527 544 2590 liaveno.
560 2540 594 2604 5.
610 2538 643 2605 8.
659 2527 705 2588 in.
731 2526 787 2588 ubi
804 2525 842 2589 cf.
860 2526 1055 2600 Porcheron‚

112 2631 168 2693 lina
189 2631 224 2691 in
246 2624 388 2690 thesauro
410 2627 527 2711 Geogr.
542 2626 577 2691 h.
597 2649 630 2691 v.
664 2628 842 2692 Columbua
866 2630 903 2691 ad
927 2630 1057 2690 Lactan-

132 2733 173 2794 de
192 2729 348 2791 mortibne
368 2726 557 2810 persecutor.
581 2750 607 2791 c.
627 2741 687 2809 5⁰·
717 2748 757 2791 err
779 2729 897 2813 Cuperi
917 2729 1057 2812 epistola,

113 2832 212 2895 berlin
234 2832 272 2893 ad
295 2831 424 2894 Vibium
448 2850 480 2911 p.
503 2832 582 2895 161.
634 2830 756 2893 Eadem
778 2844 883 2893 tamen
903 2835 999 2893 etiam
1023 2833 1058 2894 in

112 2934 256 3017 Peuting.
275 2951 328 2994 ro.
345 2934 388 2994 D.
418 2932 506 2993 unde
527 2929 669 3015 suspicari
689 2932 779 3003 licet.
807 2932 967 2994 Orientem
990 2932 1058 2994 scri-

112 3034 191 3098 teffe
212 3053 270 3117 pro
285 3032 447 3104 Orontem,
472 3046 508 3095 ut
522 3034 637 3095 volunt
657 3036 718 3095 viri
739 3035 824 3097 docti
846 3035 878 3095 in
896 3035 1058 3115 Lactantio

122 3135 178 3199 ubi
199 3137 240 3198 stc
260 3136 392 3219 legitur,
418 3147 454 3194 ut
477 3137 511 3195 in
534 3135 714 3220 Hagefippo
737 3148 770 3214 3.
794 3148 828 3213 5.
881 3135 1058 3220 Antiquom

112 3259 149 3301 ιιι
172 3236 234 3299 tuit
263 3235 408 3319 Typhon,
439 3247 566 3298 auctore
590 3234 744 3298 Strabone
770 3235 829 3298 tib.
844 3237 898 3299 ro.
924 3256 956 3319 p.
973 3237 1059 3313 516.

118 3360 151 3403 o.
172 3339 368 3420 a'l‘yphone
390 3339 548 3408 inditum,
580 3357 676 3418 (prem
704 3325 806 3399 tabula
833 3339 993 3399 deiectum
1016 3337 1062 3399 ibi

112 3442 166 3504 ine
188 3454 308 3511 narrat;
347 3458 427 3521 qnae
448 3437 531 3500 forte
551 3457 567 3500 a
587 3439 675 3501 Casto
698 3454 810 3502 monte
833 3451 865 3500 et
891 3438 1061 3503 Sirbonide

112 3543 164 3614 ie,
189 3541 245 3603 ubi
266 3542 319 3603 ille
340 3541 449 3613 broit,
480 3541 544 3601 huc
564 3540 707 3602 translata
726 3541 778 3604 est.
815 3542 886 3622 Vid.
905 3540 1062 3620 Herodot.

116 3686 125 3708 .
164 3643 348 3707 Draconem
369 3656 460 3703 antea
481 3643 603 3703 dictum
624 3661 697 3703 cum
719 3643 787 3709 aliia
808 3642 996 3724 quibusdam
1018 3644 1063 3703 ait

112 3746 162 3807 rica
177 3748 210 3808 in
232 3744 400 3829 chronogr.
418 3742 472 3805 lib.
492 3754 526 3822 8.
542 3764 573 3825 p.
593 3755 651 3821 84.
672 3745 751 3806 Van.
790 3742 940 3825 ⁴Ophiten
966 3746 1063 3807 Zona·

124 3861 156 3927 3,
172 3860 203 3925 8.
237 3866 317 3927 quae
338 3846 377 3906 ad
399 3845 569 3927 Typhonis
592 3845 749 3929 historiam
776 3842 931 3928 spectant,
966 3863 1063 3927 quem

112 3968 203 4012 ouem
219 3946 306 4009 initio
323 3947 451 4029 quitiam
467 3959 631 4028 potarunt.
654 3944 782 4023 (Strabo
799 3966 827 4010 c.
846 3945 890 4029 l.)
923 3934 1066 4037 Thapsa-

111 4071 152 4116 ex
168 4052 294 4130 Scylace
314 4037 345 4133 p.
361 4058 421 4131 4⁰.
439 4046 540 4112 Horis.
567 4062 657 4111 notat
671 4047 821 4112 Mannert
841 4047 959 4131 Geogr.
973 4049 1015 4109 T.
1033 4044 1066 4112 6.

113 4162 276 4239 .p.r'448.
301 4165 335 4216 et
356 4152 524 4234 antiquum
546 4170 668 4254 nomeu
684 4148 843 4216 Perficum
864 4147 952 4213 inibe
975 4144 1069 4232 ioipi·
