2634 4716
238 368 301 475 §90
507 388 668 448 uotae
708 388 1011 448 uxaeurtcaa
1127 370 1130 375 ’

189 586 192 597 ·
234 566 331 631 malla
348 578 510 645 tamquam
530 564 664 624 numina
686 563 797 625 colunt
819 563 920 645 iisque
939 561 1111 635 abstinent.
1138 565 1188 627 uti
1211 584 1283 625 nar»

140 736 144 749 ⁸
235 681 309 731 rant
328 680 452 751 praeter
468 666 545 728 alioe
559 665 692 727 Bernier
706 684 831 749 voyage
853 668 951 728 Tom.
971 683 1003 728 a.
1021 687 1053 747 p.
1076 664 1156 741 136.
1193 664 1283 726 utac-

233 768 357 834 Intolh
384 768 500 829 travels
520 769 562 829 T.
580 782 613 829 Β.
638 786 671 849 p.
691 779 750 844 52.
800 768 901 830 Recte
923 781 1031 828 autem
1054 767 1169 829 Noster
1188 767 1282 828 addit

233 872 293 935 alli
316 871 398 941 alic,
438 870 526 950 quod
551 880 717 930 auctorum
743 870 876 932 aliorum
901 870 1089 935 testimoniis
1113 868 1278 951 probatur.

235 974 291 1035 Sic
312 971 498 1033 Herodotus
520 986 552 1038 2.
575 971 635 1048 69.
662 985 766 1033 narrat
786 971 962 1034 crocodilos
989 973 1069 1033 circa
1093 970 1224 1032 Thebae
1246 985 1280 1033 et

231 1072 392 1136 Moeridis
418 1072 563 1157 stagnum
591 1070 690 1133 sacrm
723 1071 849 1141 haberi.
894 1089 1002 1134 contra
1035 1072 1167 1134 eosdem
1198 1074 1280 1136 circa

232 1174 474 1256 Elephantinen
491 1174 571 1234 adeo
589 1172 733 1244 comedi,
760 1190 799 1238 et
820 1192 836 1236 a
854 1174 1032 1254 Tentyritis
1054 1176 1150 1234 etiam
1173 1175 1279 1236 occidi

235 1277 349 1338 Strabo
373 1290 426 1353 17.
444 1296 478 1359 p.
490 1276 574 1351 560.
591 1272 613 1336 s.
629 1285 713 1355 814.
753 1278 780 1339 A
798 1277 886 1337 cultu
903 1296 1015 1337 eorum
1031 1277 1162 1337 nomina
1179 1278 1279 1336 etiam

231 1378 331 1439 urbes
357 1378 435 1439 aliae
459 1378 518 1437 alia
545 1391 750 1456 acceperunt,
783 1391 820 1438 ut
845 1376 1117 1459 Crocodilopolite,
1152 1376 1278 1456 Cynoc-

192 1500 195 1505 ’
231 1480 333 1563 polis,
367 1479 549 1559 Lycnpolie.
608 1477 672 1537 Sed
702 1480 771 1544 vid.
802 1476 933 1550 strabo.
967 1480 1025 1562 qui
1052 1493 1107 1555 17.
1130 1499 1165 1561 p.
1189 1490 1277 1557 550.

231 1578 257 1642 s.
276 1592 361 1658 sstu.
384 1578 419 1639 id
441 1577 555 1641 diserte
575 1580 716 1643 monuit.

310 1780 501 1862 capital)
552 1784 602 1842 Dc
619 1781 769 1865 scriptura
793 1785 826 1842 in
850 1784 1077 1846 terminatione
1095 1782 1276 1866 disquirunt

229 1896 327 1947 uotae
342 1870 477 1944 criticae.
510 1882 557 1943 td
575 1881 673 1964 ipsam
686 1904 755 1945 rem
768 1885 861 1945 locuc
874 1885 1010 1946 inlustria
1026 1886 1120 1947 exstat
1134 1888 1168 1944 in
1185 1886 1274 1948 Cice·

230 1987 321 2046 tonia
344 1983 470 2067 Quaest.
495 1980 623 2047 Tuscus.
647 1997 681 2062 5.
706 2000 774 2060 27..
805 1985 976 2047 aSchotto
997 2000 1030 2047 at
1051 1988 1076 2049 1.
1101 1987 1272 2049 Gronoeio

229 2083 329 2149 Msro
348 2087 522 2146 indicatuet
556 2090 782 2168 Aegyptiorum
806 2107 905 2147 mores
927 2088 997 2170 quis
1012 2089 1165 2167 ignorat?
1199 2109 1273 2171 quo·

229 2203 300 2250 rum
319 2184 458 2248 imbutae
478 2199 595 2247 attentes
614 2188 795 2280 prauitatis
815 2185 983 2258 erroribus,
1009 2192 1157 2270 quamvis
1173 2191 1273 2249 caracl-

221 2287 360 2383 stcumm
382 2289 472 2369 prius
487 2278 664 2378 stabicriut,
693 2311 788 2372 qttam
810 2286 901 2360 ibim,
932 2303 992 2351 aut
1017 2281 1176 2379 aspidem,
1212 2304 1269 2352 aut

221 2382 343 2482 felem,
382 2402 441 2449 aut
472 2409 596 2460 cartem,
637 2404 694 2452 aut
726 2389 912 2450 crocodilum
946 2384 1102 2503 violeu·
1136 2411 1270 2473 quorum

229 2494 326 2552 etiam
334 2488 370 2579 sc
392 2490 606 2568 imprudentes
623 2493 791 2572 quippiam
804 2482 963 2580 feceriut,
997 2512 1132 2570 poenam
1149 2492 1269 2554 nullam

228 2582 380 2680 recusent.
434 2591 525 2650 ldem
547 2610 613 2652 non
636 2591 736 2653 solum
757 2593 902 2654 adfirmat
921 2595 1056 2654 Diodor.
1078 2595 1142 2657 Sic.
1163 2615 1192 2664 1,
1209 2606 1268 2674 85.

227 2690 281 2752 sed
298 2705 330 2750 et
346 2689 467 2750 inlustri
482 2693 628 2773 exemplo
646 2694 843 2774 comprobat.
894 2691 1106 2756 Certissimam
1126 2710 1270 2760 mortem

227 2791 428 2854 consecutam
452 2790 529 2864 elle,
562 2794 675 2874 laquie
697 2795 750 2855 vel
764 2794 924 2862 consulto.
950 2798 1002 2856 vel
1020 2795 1089 2856 casu
1110 2796 1192 2858 ibim
1215 2810 1269 2859 aut

226 2894 410 2978 accipitrem
425 2892 574 2966 necasset,
600 2893 696 2958 refert
710 2897 806 2958 etiarn
820 2896 1002 2960 Herodotus
1019 2914 1051 2968 a,
1068 2900 1126 2974 65.

303 3093 429 3176 Apis)
481 3098 530 3160 De
553 3117 593 3160 eo
619 3098 804 3160 consulendi
826 3100 981 3164 Herodot.
1002 3116 1032 3180 3.
1057 3114 1115 3179 28.
1151 3100 1265 3164 Strabo

231 3212 287 3274 ²7·
304 3218 337 3279 p.
355 3210 439 3275 555.
458 3196 476 3260 t.
496 3212 580 3277 8⁰7·
616 3202 750 3263 Diodor.
770 3202 832 3264 sic.
854 3220 882 3271 ι,
906 3214 965 3279 55.
1002 3204 1122 3265 tettan.
1139 3205 1184 3264 Η.
1203 3207 1265 3267 An.

231 3320 287 3369 11,
317 3319 373 3361 1ο.
414 3301 498 3363 l'lin.
523 3313 556 3378 8.
580 3315 639 3375 71.
663 3300 684 3365 s.
706 3304 765 3381 46.
802 3303 962 3365 Ammian.
987 3319 1043 3372 22.
1072 3316 1125 3381 14.
1161 3306 1264 3366 Solia.

224 3419 291 3479 cap.
312 3412 370 3477 52.
385 3399 407 3462 s.
424 3415 481 3481 55.
503 3405 634 3483 aliique,
666 3423 745 3484 quoa
762 3404 984 3465 iudicaverunt
1000 3404 1214 3468 Montsaucon
1231 3406 1265 3464 in

224 3502 379 3581 antiquite‘
407 3503 490 3585 expl.
519 3505 559 3564 T.
579 3521 610 3567 2.
632 3505 669 3567 P.
690 3522 722 3568 u.
745 3526 776 3587 p.
795 3504 879 3583 306.
911 3506 986 3587 (qui
1012 3508 1074 3568 tab.
1100 3511 1184 3572 126.
1213 3526 1264 3568 ex·

221 3602 361 3683 pressum
385 3586 493 3682 dedit)
529 3606 574 3666 du
597 3604 735 3685 Fresnoy
758 3607 796 3667 ad
825 3608 965 3670 Lactant.
984 3622 1017 3685 5.
1044 3627 1100 3672 ur.
1125 3630 1158 3692 p.
1175 3619 1262 3693 418.

223 3701 350 3765 Salmas.
368 3704 404 3762 acl
420 3707 521 3767 Solin.
541 3728 573 3788 p.
587 3728 631 3768 m.
650 3726 717 3789 311
734 3706 775 3788 sq.
801 3707 978 3772 Observatt.
996 3710 1126 3774 miscell.
1145 3715 1216 3777 Vol.
1228 3709 1261 3772 6.

222 3823 255 3886 p.
275 3815 358 3886 541.
395 3805 558 3870 iablonski
577 3809 610 3867 iu
633 3808 777 3871 Pantheo
796 3810 930 3892 Aegypt.
952 3812 990 3874 P.
1009 3830 1042 3875 11.
1057 3834 1089 3896 p.
1112 3829 1180 3893 178
1199 3816 1260 3897 sqq.

221 3922 345 3988 practer
377 3924 449 3977 eos,
489 3911 543 3990 qui
570 3912 706 3970 omnino
740 3909 781 3971 de
808 3914 992 3974 animalium
1023 3917 1111 3977 cultu
1139 3915 1262 4000 scripse·

219 4022 313 4079 runt,
345 4019 378 4066 et
399 4009 439 4068 de
457 4029 495 4073 eo
516 4010 737 4072 dissemcrrtnt.
788 4002 963 4095 Epaphum
983 4015 1178 4080 Graecorum
1203 4018 1261 4081 ella

221 4113 300 4174 dicit
315 4109 500 4177 Herodotus
518 4133 545 4175 c.
564 4112 585 4175 l.
610 4126 643 4174 at
662 4131 693 4185 a,
712 4124 794 4193 153.
813 4133 888 4175 cum
905 4116 1035 4181 Aeliano
1053 4140 1080 4181 c.
1097 4122 1118 4182 l.
1157 4122 1261 4195 Sacer·
