2634 4716
133 380 206 461 rne-
268 424 273 435 .
400 382 566 444 norae
606 380 920 440 axaonrrcna·

129 556 212 622 mire
229 554 383 643 «loigairi
403 556 521 639 probat
539 576 578 620 er
592 554 809 627 Callimacho,
837 555 878 618 de
897 552 989 617 cuiue
1002 564 1036 615 et
1054 552 1178 616 incola·

127 680 202 723 rum
218 660 276 722 srtu
293 661 361 725 rid.
377 658 583 738 Herodoto,
605 673 686 734 r7o.
714 656 857 719 Hoisten.
871 658 910 717 ad
926 656 1082 737 Stephon.
1109 655 1178 718 Sal·

127 761 203 845 mai.
227 762 389 825 ad'solin.
410 782 445 845 p.
462 780 508 823 m.
527 776 610 835 270.
641 772 675 826 et
696 759 823 821 Weffel.
847 760 885 821 ad
910 759 1030 821 Antan.
1046 777 1090 840 ·p.
1106 758 1176 836 ‘63-

128 864 238 927 Hodie
263 876 398 945 putatur
431 859 491 925 effe
520 858 624 931 Gaba,
660 862 715 943 qni
746 861 854 923 influit
886 862 920 922 in
952 879 1039 922 mare
1070 876 1175 942 prope

67 1005 72 1017 ·
128 967 360 1050 cognominem
382 963 514 1032 urbem,
548 982 628 1046 qnae
650 964 731 1027 oiim
754 950 838 1025 dicta
858 962 902 1025 est
933 962 1060 1040 Tacape
1088 958 1176 1043 apud

127 1070 307 1151 plerosque.
343 1065 524 1137 vinshaw
538 1066 578 1129 T.
596 1085 625 1129 r.
645 1078 774 1147 p.a53.
809 1065 908 1149 Qnod
924 1084 940 1129 a
955 1076 1069 1126 monte
1084 1060 1176 1125 vatr-

127 1168 194 1230 leto
212 1168 301 1229 ducit
315 1169 454 1230 Ptolem.
471 1178 505 1247 tr,
526 1180 558 1246 3.
584 1182 618 1229 ct
631 1167 737 1249 plnres
751 1168 786 1227 in
801 1186 841 1230 eo
859 1166 931 1228 loco
948 1162 1176 1246 lactre[.pa1o·

128 1268 185 1333 dea
201 1267 292 1339 iacit,
319 1270 408 1331 idem
429 1267 483 1329 ino
505 1270 575 1331 inre
594 1269 718 1330 dubitat
739 1281 773 1330 et
790 1269 927 1331 omnino
947 1268 1066 1329 incerta
1087 1279 1176 1328 vete·

127 1391 178 1435 ree
201 1368 358 1433 trariiriiffe
376 1369 492 1432 censet.
537 1368 628 1435 Gobs
645 1372 735 1431 enim
753 1388 822 1430 non
844 1370 941 1452 longe
956 1368 995 1430 ab
1013 1368 1092 1431 ostio
1113 1368 1176 1430 ori*

125 1486 196 1543 tur,
223 1470 281 1532 nbi
302 1469 384 1533 forte
401 1473 480 1532 olim
503 1468 633 1532 inerunt
649 1491 747 1554 aquae
761 1473 986 1553 Tacapitanae,
1014 1489 1093 1551 qnae
1105 1488 1175 1533 me·

126 1586 233 1637 morat
252 1573 411 1635 Antonini
433 1574 505 1633 itio.
531 1593 563 1653 p.
581 1584 638 1649 78.
671 1587 705 1636 et
724 1592 741 1633 a
762 1574 888 1654 Tacape
914 1587 969 1648 17.
992 1571 1041 1635 M.
1066 1571 1105 1634 P.
1126 1590 1175 1634 re·

126 1687 251 1739 movet.
285 1674 440 1737 Ceterum
457 1674 587 1757 qnidam
606 1676 692 1735 hunc
712 1675 848 1735 fluvium
866 1694 941 1735 cnm
957 1673 1073 1755 palude
1088 1674 1173 1736 male

10 1762 15 1779 '
125 1776 205 1839 hinc
227 1777 262 1839 in
283 1774 435 1839 nltimam
450 1774 682 1837 Mauretaniam
699 1777 741 1839 ad
760 1791 909 1841 montem
928 1775 1091 1841 amnem
1113 1790 1174 1848 tra¹

125 1876 298 1941 duxerant.
334 1877 407 1942 vid.
424 1876 561 1941 Diodor.
581 1891 614 1959 5,
631 1888 693 1961 55.

175 2106 178 2113 ·
207 2078 423 2162 Tritonis)
456 2079 512 2142 Gr.
533 2072 688 2168 Τριτωνὶς
701 2080 809 2143 etiam.
841 2079 1044 2146 Ptolemaeoe
1060 2094 1172 2146 tamen

125 2192 163 2264 4,
185 2196 218 2263 3.
240 2180 449 2271 Τριτωνῖτις,
478 2182 677 2247 Callimacho
702 2182 777 2244 teste
799 2183 905 2244 Plinio
923 2194 956 2261 5,
980 2192 1022 2263 4.
1038 2184 1172 2245 Pailon-

125 2286 193 2351 rias
212 2284 382 2366 adpellata,
416 2286 506 2348 cuiue
531 2284 618 2347 canta
642 2303 708 2346 non
733 2284 777 2346 est
800 2283 938 2347 obscura.
991 2290 1016 2346 A
1040 2287 1171 2365 Scylace

124 2408 160 2473 p,
179 2398 242 2467 49.
264 2385 365 2451 Hunis.
399 2386 453 2447 hic
477 2399 749 2449 commemoratur
772 2384 936 2472 Τρίτωνος
961 2388 1075 2471 νῆσος.
1108 2406 1170 2470 pto

125 2508 190 2570 qno
207 2488 374 2551 Salinatiue
390 2500 423 2548 at
441 2482 565 2549 Voffinn
586 2490 703 2548 volunt
724 2483 895 2573 Τριτωνίς,
927 2489 982 2551 etii
1004 2491 1171 2573 corruptio

124 2590 300 2651 verborum
316 2588 455 2649 dubium
471 2588 504 2649 id
521 2586 613 2660 facit3
644 2589 678 2649 in
699 2591 811 2681 primia
831 2610 905 2650 cum
924 2591 959 2652 in
975 2588 1038 2671 ipsa
1053 2592 1172 2673 palude

124 2688 262 2753 insulam
278 2704 521 2768 commemorat,
543 2709 639 2770 qnam
657 2703 690 2751 et
703 2691 815 2752 Strabo
838 2706 893 2763 17.
910 2711 940 2772 p.
954 2704 1037 2768 575.
1048 2690 1069 2753 f.
1082 2694 1170 2771 336.

126 2790 280 2875 adtingit,
307 2804 339 2852 et
358 2790 542 2851 Herodotue
559 2801 593 2869 4,
618 2792 696 2868 178.
718 2790 816 2852 Philo
835 2796 1001 2856 nominat:
1028 2784 1170 2880 Εὐρεῖαν

126 2906 223 2956 vocat
254 2889 388 2974 Dionys.
419 2911 452 2953 r.
478 2892 562 2969 267.
614 2893 653 2953 ln
677 2890 744 2974 ipio
768 2891 826 2953 fittt
849 2894 1046 2978 discrepant:
1079 2899 1171 2957 inter

126 2995 204 3058 duaa
227 2994 337 3075 Syrtce
357 2993 454 3081 ponit
474 2992 577 3066 Melan
612 2994 698 3073 qnod
719 2995 760 3055 de
778 2995 889 3055 mnltia
909 2998 1006 3059 etiam
1023 2998 1171 3059 adfirmat

125 3097 269 3167 Plinius,
302 3094 360 3160 etst
386 3091 451 3181 ipse
475 3097 555 3157 circa
577 3098 738 3158 minorem
770 3097 891 3174 Syrtim
921 3099 1090 3183 producor
1127 3100 1168 3163 ad

124 3200 248 3279 Syrtim
263 3199 443 3269 minorem,
470 3197 523 3258 rel
541 3194 622 3259 inira
642 3217 711 3258 earn
726 3198 931 3261 Ptolemaeus
947 3210 981 3280 4,
999 3214 1032 3279 5.
1061 3205 1168 3284 quiet

123 3300 232 3385 plnre'a
256 3300 387 3383 paloriea
412 3318 432 3363 a
455 3300 594 3362 Tritone
621 3311 708 3361 natae
738 3316 915 3370 memorat,
953 3323 1029 3384 qnae
1056 3316 1167 3366 tamen

123 3414 227 3484 parter
246 3402 367 3463 nostrae
388 3399 485 3462 habet
507 3401 603 3461 Shaw
617 3402 658 3462 Τ.
683 3420 760 3483 1.p.
784 3414 865 3478 275.
908 3405 1020 3466 Strabo
1037 3405 1076 3465 ad
1094 3406 1169 3487 Syr·

124 3504 186 3564 tim
203 3502 357 3565 maiorem
378 3503 466 3563 iuxta
484 3501 658 3563 Berenicen
680 3516 869 3584 promovet,
901 3506 934 3564 in
954 3525 1018 3588 quo
1034 3506 1168 3568 consen·

124 3604 261 3664 tientem
289 3601 386 3665 habet
419 3603 584 3663 Lucanum
610 3622 644 3681 9,
667 3614 750 3680 555.
790 3625 829 3666 ex
860 3607 977 3669 vicinia
1010 3610 1168 3671 bathonia

125 3703 145 3768 [.
164 3705 303 3766 Ladonis
324 3701 358 3766 ss.
381 3701 486 3786 (conl.
502 3704 657 3767 Strabone
672 3716 705 3765 et
719 3705 831 3769 Solioo
848 3726 876 3769 c.
893 3706 936 3791 l.)
964 3730 1040 3770 cnm
1058 3710 1168 3773 tabula

123 3807 274 3889 Peoting.
293 3807 383 3869 vlu.
407 3804 513 3868 verina
530 3807 690 3869 Atlantem
705 3807 808 3868 reiicit
824 3810 957 3873 Diodor.
972 3813 1033 3873 Sic.
1054 3826 1088 3889 3,
1105 3824 1166 3892 53.

124 3908 286 3971 Herodoti
304 3907 450 3969 Tritonia
471 3910 560 3968 iuxta
580 3908 703 3987 Syrtim
721 3909 882 3973 minorem
906 3914 1054 3992 ponenda
1075 3916 1166 3975 vide·

124 4024 193 4074 tor,
235 4010 276 4068 de
302 4027 369 4089 quo
393 4005 433 4070 cf.
464 4009 593 4071 Heeren
617 4009 716 4071 Idcen
739 4009 795 4073 dor
814 4014 899 4073 alten
923 4016 1009 4077 Weit
1039 4034 1072 4099 p.
1102 4026 1163 4094 ng.

124 4108 226 4198 Quod
239 4121 365 4173 vetere·
379 4110 563 4182 adfirmant,
587 4108 774 4186 Tritonem,
795 4113 829 4177 h.
850 4112 955 4188 Gabs,
980 4115 1062 4180 hanc
1077 4118 1166 4201 palu·
