2634 4716
143 418 148 427 '
212 414 569 519 minutum..
612 432 647 490 1..
670 435 693 489 r.
737 430 845 493 ont
884 434 962 508 en.
1045 416 1116 512 ddi

66 617 120 668 tua
142 618 176 674 Ω.
200 619 234 670 2.
260 603 405 691 Phrygas
421 605 586 693 Aegyptiis
606 610 727 690 priorea
747 604 874 671 hebitoa
890 602 990 683 fniffe,
1014 606 1122 693 teque

65 727 85 771 ι
100 704 336 770 Psammeticho
357 718 486 769 mutum
500 721 534 770 et
549 710 747 794 exploratum
761 706 873 784 refert;
899 700 963 793 duo
985 710 1122 795 respicit

65 808 263 874 Claudianus
286 811 319 870 in
336 810 471 892 Eutrop.
489 828 522 883 α,
540 824 623 890 250.
650 825 682 874 et
699 811 855 873 iudicium
870 813 1058 876 scholiastae·
1070 816 1120 877 ni

64 912 220 1001 Apellen.
253 910 361 973 Rhoe.
386 923 422 990 4,
456 911 539 977 262.
585 915 720 975 lustinus
745 931 777 983 Ω,
807 934 835 975 ι.
863 917 1119 981 contentionem

64 1032 141 1075 curu
160 1013 287 1092 Scythis
304 1014 344 1075 de
362 1016 467 1098 gentis
489 1015 643 1077 ventitare
664 1018 816 1100 exponit,
846 1015 880 1077 in
898 1038 958 1097 qun
973 1018 1118 1096 Srythae

64 1117 227 1177 vicerunt.
280 1116 333 1178 Sic
353 1118 427 1176 cuin
444 1117 512 1180 aliia
533 1117 664 1200 popuiie
680 1118 738 1180 hac
756 1119 794 1178 de
810 1138 855 1187 re.
878 1106 1119 1183 memmerunt

62 1215 267 1296 Babylonio,
293 1229 469 1287 certarunt,
499 1194 540 1281 da
561 1238 624 1300 quo
640 1214 845 1282 cijerizon.
866 1220 902 1287 in
917 1222 1031 1306 origin.
1051 1218 1119 1284 B'e·
1218 1278 1221 1283 .

64 1317 179 1398 bylon.
194 1338 261 1400 cap.
279 1332 311 1395 5.
327 1338 360 1400 p.
381 1318 426 1395 56
443 1317 485 1401 iq.
512 1321 546 1380 iu
562 1323 673 1402 primis
688 1322 721 1382 in
738 1322 853 1404 origin.
870 1323 1007 1406 Aegypt.
1029 1342 1055 1384 r..
1085 1344 1116 1388 r.
1200 1331 1202 1337 '

63 1417 197 1502 p.3iq.
246 1418 331 1481 Nota
363 1418 435 1481 sunt
460 1421 551 1491 aliae,
587 1440 667 1504 quae
698 1424 738 1484 de
765 1422 923 1484 Arcadum
956 1423 1118 1487 enudate

64 1519 215 1582 feruntur
253 1533 287 1580 et
324 1522 449 1603 prolixe
480 1538 688 1607 exponuntur
720 1540 743 1593 n
771 1522 911 1586 Bartkio
944 1527 984 1586 ud
1018 1526 1117 1588 senti

61 1622 170 1685 Theb.
192 1632 227 1703 4,
254 1632 338 1703 5274.
1109 1632 1113 1637 '

144 1823 380 1907 trecentos)
430 1825 504 1887 Hoc
523 1824 634 1908 potuit
658 1828 741 1896 fieri,
774 1824 824 1888 fed
847 1814 914 1889 non
931 1840 966 1888 ut
989 1824 1117 1890 fuerint

62 1944 105 1991 ox
125 1927 223 1990 unius
243 1929 335 2012 regui
354 1943 508 2008 perpetue
532 1922 740 1999 succeffione3
773 1925 824 1988 sed
846 1948 919 1988 cum
945 1924 1116 2012 Aegypton¹
1192 1994 1195 1999 ,
1230 1998 1234 2005 ,

62 2027 165 2091 divisa
186 2025 282 2089 fuerit
301 2031 335 2088 in
355 2030 438 2088 varia
455 2046 570 2112 regna,
600 2046 680 2110 quae
695 2030 811 2090 eodem
829 2042 974 2112 tempore
990 2022 1117 2113 singule

62 2130 246 2192 habuerunt
268 2129 341 2192 fuoa
356 2128 529 2212 peculiares
550 2148 657 2214 reges,
691 2129 763 2193 idon
778 2148 891 2192 ornnes
915 2130 1116 2213 constiparet

61 2245 144 2293 runt
161 2234 195 2292 in
212 2248 467 2313 unamquamque
485 2225 721 2300 succeffionem.
747 2244 779 2292 et
794 2233 946 2312 quoniam
962 2235 1113 2294 notiones

60 2348 212 2396 externae
227 2335 260 2397 id
276 2335 425 2417 indagare
442 2352 481 2393 ex
496 2350 573 2394 vero
590 2340 656 2393 non
675 2345 861 2413 potuerunt.
884 2334 923 2393 lic
939 2334 1000 2394 illis
1016 2332 1115 2395 insui·

61 2447 225 2498 taverunt.
278 2435 381 2503 Idem,
404 2431 596 2494 sitammam
613 2430 742 2514 spectes,
768 2448 966 2497 monuerunt
983 2428 1111 2497 Voffiut

62 2539 100 2596 in
122 2538 210 2599 notia
226 2549 260 2598 et
276 2535 432 2598 Graeviua
448 2534 519 2599 MS.
552 2555 576 2598 1.
598 2537 890 2616 enonovrvaMS.
942 2532 1111 2620 Quantam

61 2638 254 2700 vetustatem
277 2638 313 2698 in
333 2637 478 2699 struenda
499 2656 613 2722 regum
640 2632 716 2698 ierie
739 2638 925 2700 increverint
944 2640 1116 2722 Aegyptii.

61 2739 192 2821 adparet
208 2758 248 2801 ex
265 2738 432 2802 Herodoto
451 2755 484 2808 2,
504 2751 572 2818 142
590 2736 651 2821 sqq.
678 2750 709 2799 et
727 2741 824 2802 Diod.
847 2740 909 2804 Sic.
931 2761 958 2817 a,
977 2750 1026 2821 43
1045 2739 1108 2823 sqq.
1219 2808 1225 2833 ι

62 2838 118 2903 Cf.
132 2840 279 2903 Perizon.
302 2841 336 2903 in
358 2840 485 2924 Origin.
508 2842 644 2925 Aegypt.
670 2860 736 2923 cap.
759 2860 813 2905 ιι.
831 2863 864 2924 p.
887 2836 932 2902 rn.
955 2842 1108 2927 1651'qq‚

62 2956 98 3004 et
130 2942 244 3017 Gibert
278 2939 496 3004 observetione
529 2937 579 3002 iur
613 2941 795 3005 differentes
824 2944 929 3005 Suitee
960 2944 1016 3004 dee
1043 2946 1107 3007 τοῖο

62 3043 232 3131 d'Egypte
253 3045 287 3105 in
312 3043 489 3105 Memoiree
512 3044 552 3105 de
577 3042 766 3105 l’academie
787 3045 843 3105 dee
864 3042 970 3105 inicrr.
990 3078 1039 3090 --
1066 3046 1107 3108 de

62 3145 153 3208 Paris
167 3146 208 3208 T.
223 3163 279 3225 ¹9·
295 3165 327 3226 p.
347 3163 362 3208 t
383 3142 447 3226 sqq.
482 3144 703 3208 Dediaeordin
720 3145 804 3207 inter
820 3145 939 3206 Melam
957 3157 989 3204 et
1005 3143 1107 3208 Hero·

62 3247 182 3310 dotum
200 3248 352 3309 dixerunt
371 3260 467 3308 notae
486 3246 621 3309 criticae.

141 3439 336 3541 Amasin)
385 3448 435 3509 De
451 3447 513 3510 hoc
529 3444 676 3512 Lucanua
692 3448 748 3511 lib.
767 3466 802 3528 9.
826 3443 879 3538 [v.
897 3442 1000 3536 155]
1026 3449 1107 3513 Non

62 3551 145 3613 mihi
163 3551 365 3634 pyramidum
384 3549 515 3611 tumulis
535 3543 659 3643 evulsus
680 3549 818 3642 Amasis.
870 3550 948 3620 Hic,
976 3554 1107 3615 auctore'

60 3650 219 3724 Eusebio,
252 3652 409 3732 dynastiae
430 3667 561 3741 octavae
583 3655 726 3720 decimae
745 3672 799 3713 rex
815 3653 926 3713 tertiua
942 3651 1003 3712 fuit
1018 3671 1105 3713 enno

61 3756 180 3817 mundi
204 3765 312 3837 3480.
345 3755 433 3813 unde
453 3755 636 3815 coniectura
653 3756 787 3815 evidens
804 3753 863 3815 effe
877 3755 996 3836 potest.
1022 3754 1106 3814 rnul-

60 3869 117 3918 toe
141 3872 215 3919 ante
242 3876 317 3917 eum
343 3870 434 3939 reget
457 3853 602 3915 floruiise.
641 3874 828 3919 vaurauva.
894 3854 1012 3916 dmafie
1038 3854 1101 3925 hic,

59 3978 158 4041 quem
175 3958 359 4020 Herodotue
380 3971 412 4017 et
432 3975 560 4020 comeo
578 3956 661 4017 Meta
677 3958 837 4041 intelligit,
863 3957 1008 4041 regnavit
1027 3956 1105 4035 Cyri

61 4058 501 4143 etCembyiiatemporibur.
543 4056 594 4122 ct.
613 4057 770 4123 Herodot.
790 4077 822 4128 2.
846 4077 926 4120 too.
958 4070 1043 4137 5.1.
1069 4071 1103 4118 et

61 4162 203 4227 Diodor.
223 4180 255 4237 a.
272 4162 331 4242 68.
346 4168 411 4241 95·
465 4158 672 4227 celebrantur
688 4161 927 4245 praeduratae
950 4158 1100 4228 inditum,
