2634 4716
215 414 269 475 ru
296 417 437 476 rone.
466 419 574 477 uer.
617 421 698 477 nr.
742 400 847 482 civ.
889 420 968 493 r...
1052 437 1116 500 ιιοδ

63 587 161 655 ribo·
187 588 388 675 opponitur,
423 592 706 678 quemadmodum
733 589 867 678 Europa
894 594 992 665 solet,
1028 616 1115 680 quae

65 695 107 757 ab
121 692 338 776 Hellesponto
361 694 404 755 ad
418 716 522 780 usque
539 692 706 779 Rhipaeos
726 693 887 759 continuo
903 712 1011 760 tractu
1024 699 1115 760 Afrae

65 794 206 859 obversa
227 794 281 857 est.
334 795 400 858 Sed
419 817 462 859 an
483 794 700 860 intraveram
721 801 773 870 fit,
805 797 940 871 dubito,
974 820 1052 861 curn
1073 808 1114 861 ex
1205 816 1208 821 ·
1302 806 1308 827 “

64 898 260 969 Ptolemaeo
300 896 357 976 [4,
379 901 438 980 4.]
470 896 505 959 in
538 915 645 962 tractu
661 932 666 937 ·
682 898 901 978 Cyrenaicae,
937 897 994 986 qui
1030 897 1113 963 citra

64 995 302 1062 Alexandriam
325 999 396 1072 est,
421 1000 603 1063 secundum
627 1016 756 1064 certum
780 1000 1006 1063 meridianum
1032 998 1114 1071 inde

64 1097 102 1163 in
122 1097 339 1166 latitudinem
366 1101 522 1174 ductum,
559 1103 825 1187 deprehendatur
853 1100 987 1167 Cariam
1013 1104 1112 1182 Cyre·

63 1199 183 1266 naicae
204 1199 350 1286 opponi;
389 1219 537 1266 ceterum
561 1207 644 1268 adeo
671 1203 791 1291 exiguo
814 1203 937 1289 spatio,
969 1220 1007 1267 ut
1032 1202 1113 1267 inde

63 1299 265 1368 calumniari
288 1304 397 1368 Melae
422 1296 630 1389 diligentiam
652 1326 752 1369 nemo
776 1322 886 1392 queat.
925 1325 1109 1395 vaurauve.

63 1402 205 1471 Scilicet
219 1406 260 1469 ab
276 1403 423 1479 oriente,
451 1405 529 1493 quia
543 1407 639 1471 Nilus
654 1430 723 1472 non
742 1425 810 1472 tam
829 1412 928 1493 longe
944 1408 985 1470 ad
1002 1404 1110 1470 orien·

62 1523 134 1571 tem
157 1507 220 1580 esi,
255 1528 357 1593 quam
384 1509 459 1570 sunt
482 1511 572 1572 Asiae
596 1508 714 1583 litora,
746 1526 825 1596 puta
853 1508 970 1582 Caria,
1004 1506 1111 1581 Ionia,

60 1606 188 1673 Aeolio.
244 1609 345 1681 Totis,
371 1607 449 1694 quia
467 1612 698 1696 Hellespontus
713 1610 925 1675 et'Thracius
944 1611 1111 1696 Bosporus

61 1706 297 1774 orientalioree
313 1711 398 1783 sunt,
422 1732 522 1797 quarn
539 1715 575 1777 [it
590 1712 711 1779 Africa.
739 1735 881 1778 tooure.
924 1712 975 1776 cf.
996 1727 1110 1775 notata

58 1810 98 1876 iu
116 1809 224 1876 critic.
259 1809 356 1903 Afiae
377 1786 455 1883 ciam
471 1814 496 1877 l.
513 1813 684 1878 Gronovio
699 1812 887 1900 genitivum
902 1829 1002 1899 puto,
1030 1810 1109 1877 c'um

60 1914 107 1976 ad
128 1910 226 1977 litora
248 1912 428 1987 referatur,
445 1913 512 1977 ‘uti
537 1914 674 1998 quidem
695 1915 796 1980 ctiam
819 1915 855 1979 in
878 1913 992 1980 dativo
1015 1913 1110 1978 intel-

60 2011 149 2079 lexit
162 2009 341 2077 vadianus.
375 2014 492 2081 ,Huirrs
508 2013 552 2076 est
568 2017 738 2098 Europae,
766 2016 863 2079 cuiua
882 2015 1037 2082 litoribus
1054 2017 1110 2078 ob·

59 2112 213 2182 tenditur
235 2128 400 2177 tantuma
420 2129 513 2196 parte
529 2102 725 2198 Hispaniae,
756 2113 920 2180 Italiae'et
939 2113 1109 2181 Graeciae.

59 2215 328 2287 obaudientem,
339 2212 497 2286 dicuntur
511 2219 583 2279 loca
598 2215 693 2288 locis,
716 2219 850 2303 quando
865 2218 940 2280 sunt
953 2221 1109 2303 opposita.

61 2316 124 2384 Sic
141 2314 272 2381 Plinius
287 2329 321 2396 5,
346 2332 400 2393 17.
417 2315 439 2379 s.
459 2336 516 2380 ao.
538 2317 626 2381 Huic
644 2339 736 2383 mons
756 2326 805 2365 ·-'·
828 2309 983 2415 adversar
1003 2317 1111 2383 obtat·

57 2421 166 2489 ditur.
201 2416 253 2486 cf.
269 2415 355 2484 infra
374 2436 405 2492 a,
426 2436 458 2491 a,
475 2429 510 2498 5.

140 2569 329 2659 longior)
375 2572 424 2635 Ab
450 2566 578 2635 oriente
607 2572 649 2634 ad
674 2572 846 2643 occasum,
880 2569 931 2636 uti
958 2571 1056 2634 docet
1077 2592 1110 2642 ι,

65 2701 100 2751 ι,
115 2690 150 2753 3.
181 2671 248 2737 >Sic
263 2669 392 2735 Plinius
411 2672 445 2744 6,
467 2683 525 2750 38.
543 2672 563 2734 s.
582 2690 640 2751 33.
662 2671 908 2757 longitudinem
924 2670 974 2736 illi
991 2667 1112 2734 trilruit'

59 2774 178 2844 tricies
201 2794 241 2839 ac
264 2771 382 2859 septica
403 2788 621 2837 centenorum
641 2773 823 2859 nonaginta
847 2778 989 2860 quatuor
1005 2774 1052 2836 M.
1070 2774 1107 2836 P.

60 2886 297 2961 (3‚794,ooo.
313 2877 371 2964 P.)
392 2872 616 2949 latitudinem,
643 2898 707 2960 qua
733 2879 915 2947 colebatur,
943 2894 1110 2960 nusquam
1196 2944 1199 2949 ,

60 2984 288 3045 ducentorum
309 2974 548 3062 quinquaginta
566 2979 612 3040 M.
630 2979 666 3039 P.
718 2975 873 3040 Straboni
895 2993 949 3054 17.
970 3000 1002 3061 p.
1022 2978 1106 3054 567.

60 3084 190 3162 [825.
211 3077 352 3142 latitudo
370 3077 414 3139 est
434 3094 552 3155 r3ooo
569 3081 624 3140 vel
646 3086 762 3158 roooo
787 3076 977 3150 stadiorum,
1002 3072 1109 3161 longi-

61 3186 150 3252 tudo
172 3182 272 3266 dupla
289 3179 378 3255 ‹sere3
405 3199 526 3265 magno
547 3177 751 3243 discrimine.
802 3180 895 3241 Valet
914 3176 950 3239 id
972 3175 1110 3262 quidem

62 3282 207 3353 omniuo
224 3284 266 3346 de
282 3279 338 3347 illa
354 3295 476 3354 aetate,
504 3302 567 3367 qua
590 3279 784 3345 nesciebant
795 3280 934 3346 recessus
953 3281 1039 3341 ultra
1057 3298 1109 3341 ae·

62 3384 272 3477 quationem.
309 3380 420 3447 Hodie
436 3383 697 3455 tumericonstat,
722 3378 868 3445 Africam
883 3379 1000 3469 insigni
1015 3394 1110 3464 parte
1199 3462 1202 3467 1
1222 3448 1224 3453 ,

62 3486 309 3558 letiorem'else,
334 3506 434 3571 quam
452 3482 648 3571 longiorem.
686 3487 736 3545 De
755 3484 964 3547 falsa'autem
979 3480 1111 3547 Africae

65 3594 177 3657 formu
198 3611 216 3653 a
237 3585 406 3650 veteribus
436 3603 569 3672 recepta
598 3585 736 3671 eiusque
761 3588 862 3651 caufie
886 3578 952 3670 legi
980 3584 1112 3671 possunt

65 3696 236 3760 Mannert.
252 3687 486 3774 (Geographie
504 3690 563 3753 der
578 3687 743 3753 Griechen
765 3689 837 3753 und
854 3690 997 3751 Roeruer
1020 3686 1060 3750 T.
1080 3710 1110 3749 r.

65 3820 101 3883 p.
116 3817 163 3857 ru.
178 3796 225 3859 60
237 3793 324 3878 sqq.)
349 3806 383 3854 ct
400 3794 568 3877 Sprengel.
596 3789 810 3871 (Gel'cllichte
827 3790 886 3854 der
901 3787 1113 3872 wichriguen

67 3896 337 3978 Entdecltungen
358 3914 390 3978 p.
404 3896 449 3958 61
466 3894 531 3980 sq.)
553 3920 556 3926 ·
896 3894 900 3901 '

80 4092 84 4099 -
148 4070 226 4134 qua
252 4046 321 4109 ad'
330 4039 545 4138 fluviani)
594 4044 681 4132 Quia
715 4002 922 4130 irequerrtiue
953 4039 1001 4105 ibi
1027 4037 1115 4103 insti·

71 4167 216 4217 uerunt
229 4146 351 4217 itinera
367 4150 411 4215 ad
431 4150 639 4241 quperendoa
659 4146 729 4215 Nili
745 4149 873 4224 sontes,
900 4166 984 4235 quor
1002 4160 1117 4210 umen
