2634 4716
291 393 345 454 ru
372 366 512 453 noui.
542 393 670 466 nur..
695 389 732 453 ι.
753 394 780 451 ι’
820 392 855 455 c.
875 393 927 457 tv.
967 391 1049 464 te.
1134 362 1196 469 ιι,

217 564 325 631 attede
353 521 519 651 terias)
567 570 620 635 Sic
644 585 678 633 et
700 569 827 632 Plinius
850 580 883 647 5.
912 589 942 632 ι.
960 569 1006 643 in.
1027 563 1200 648 principia

136 677 299 737 terram
319 668 551 735 Mauretaniam
568 670 644 734 facit
659 685 692 735 et
709 669 905 755 Hispaniam.

216 820 321 887 quoe
345 794 585 895 influenti)
626 805 749 866 Placuit
765 803 948 886 Pomponio
963 801 1039 864 inde
1055 800 1190 884 diligen·

136 902 261 968 tiorem
286 902 533 987 descriptionem
557 907 714 988 incipere,
747 905 805 967 ubi
821 905 967 991 chanue
986 924 1042 986 per
1062 901 1189 964 Gadita·

136 1025 226 1070 num
240 1003 360 1068 iterum
378 1019 494 1070 terram
514 1012 737 1072 continentem
754 1010 921 1090 irrumpit.
953 1027 971 1068 a
990 1006 1098 1066 dextra
1109 1001 1189 1085 oui·

136 1104 219 1169 dean
234 1121 335 1191 perte.
357 1126 420 1190 qua
436 1110 490 1172 fita
507 1111 549 1172 est
568 1108 683 1173 Africa.
736 1109 798 1172 Alii
816 1109 920 1180 aliter.
948 1121 1045 1191 prout
1059 1104 1120 1167 fert
1136 1122 1189 1165 cu·

139 1206 246 1272 inuria
269 1208 436 1273 confilium
453 1225 487 1274 et
505 1213 600 1275 ratio.
634 1214 785 1295 Plerique
802 1213 966 1294 Europam
987 1209 1092 1290 primo
1113 1208 1187 1271 loco
1273 1195 1276 1200 ¹

136 1316 290 1394 ponunt.
326 1324 489 1397 tamquam
513 1298 683 1380 cultiorem
707 1329 742 1380 et
764 1312 900 1377 urbibus
924 1312 1101 1394 incolisque
1127 1304 1194 1378 [τοι

136 1413 360 1496 queodorem.

191 1541 442 1637 stringere)
489 1549 639 1635 Figurate
656 1548 739 1613 dixit
759 1571 818 1636 pro
834 1570 893 1622 eo.
919 1547 1006 1633 quod
1023 1545 1067 1610 esi
1081 1541 1187 1606 brevi·

135 1657 190 1709 ter
203 1658 239 1711 et
250 1649 447 1730 compendio
463 1650 649 1719 describere.
677 1653 800 1717 Nautae
815 1667 848 1717 et
864 1671 952 1716 oram
957 1648 1128 1756 stringere
1151 1655 1185 1708 et

135 1746 217 1810 litua
236 1747 335 1831 legere
357 1749 522 1824 dicuntur,
549 1773 624 1816 cum
642 1757 790 1818 continue
811 1743 1096 1839 praetermvig'ant.
1133 1746 1188 1810 Sic

137 1850 253 1949 Virgil-
261 1851 344 1916 Aen·
356 1865 390 1933 5.
401 1846 449 1940 [v.
462 1847 563 1940 292]
586 1856 743 1938 litoraque
750 1857 848 1938 Epiri
863 1857 1003 1937 legimus.
1036 1851 1186 1936 Figurate

138 1969 272 2034 quoque
286 1952 414 2019 Pliniua
432 1954 490 2018 lib.
507 1964 543 2034 4.
567 1950 616 2043 [c.
637 1973 695 2033 27.
712 1956 733 2019 s.
751 1951 831 2047 ις]
856 1958 933 2020 siem
947 1952 1069 2018 Oceani
1086 1952 1186 2034 legeu-

136 2051 229 2116 aun.
262 2072 451 2120 riurauve.
502 2057 556 2120 Sic
572 2058 692 2124 Seneca
714 2057 826 2122 Natur.
846 2059 913 2142 Qu.
929 2067 965 2136 4.
991 2071 1025 2120 u.
1051 2072 1110 2117 ora
1129 2070 1186 2114 aa·
1268 2108 1272 2115 ,

135 2150 425 2248 vibusstringitur.
460 2157 573 2243 virgil.
587 2160 665 2222 Aen.
676 2170 710 2236 8.
727 2157 955 2253 63.striugere
969 2158 1066 2236 ripas.
1093 2171 1185 2216 crac·

137 2274 277 2320 conve.
328 2257 383 2320 Eii
400 2271 542 2321 extrema
563 2277 763 2342 percurrere,
789 2261 867 2322 ficut
882 2277 960 2323 mox
980 2257 1077 2338 legere
1090 2255 1185 2317 dixit.
1293 2265 1295 2269 '

138 2356 257 2445 virgil.
271 2357 353 2425 Aen.
368 2375 402 2431 ιι,
420 2353 537 2451 [eoa]
557 2362 702 2423 Pontum
720 2360 829 2442 legere.
863 2361 944 2424 Aen.
959 2370 993 2438 8.
1010 2358 1070 2437 65.
1093 2351 1186 2435 ripas

127 2456 302 2556 stringere.
328 2458 507 2527 orouru're.
557 2462 612 2525 Sic
627 2475 660 2523 et
675 2462 730 2525 aiii
745 2463 778 2524 in
796 2463 890 2556 notia·
898 2460 1032 2529 MSStie,
1057 2469 1185 2518 tanturn

134 2560 231 2645 quod
245 2560 450 2626 Burmannus
461 2561 622 2656 stringere
642 2563 681 2626 ab
697 2564 810 2627 avibue
825 2563 926 2646 petit,
951 2580 1032 2644 quae
1048 2570 1186 2643 tangunt

134 2677 237 2728 terrae
253 2663 309 2726 vel
328 2666 430 2729 undae
443 2666 559 2730 rosiris.
611 2665 772 2751 stringere
788 2665 832 2727 eii
853 2664 968 2726 leviter
982 2662 1100 2743 aliquid
1117 2673 1185 2720 ten·

135 2772 225 2855 gere,
250 2765 305 2827 rel
318 2768 482 2855 tangendo
498 2769 679 2852 praeterire.
705 2779 739 2830 et
753 2766 794 2829 sic
810 2765 899 2849 saepe
916 2765 1034 2827 dicitur
1048 2778 1081 2826 et
1096 2760 1185 2824 varia

134 2867 284 2943 retione3
304 2867 402 2949 legere
416 2869 653 2955 progrediendo
668 2884 786 2932 certam
799 2869 937 2951 aliquam
951 2868 1048 2936 riam,
1065 2864 1184 2925 lineam

135 2966 296 3055 posequi.
321 2981 355 3031 et
369 2971 408 3031 ad
423 2960 662 3057 nauigationem
677 2966 863 3032 trauefertur
879 2989 897 3033 a
914 2966 1060 3051 prosaicie
1073 2967 1182 3036 etiam.

135 3070 245 3133 veluti
265 3070 422 3133 Suetonio
447 3071 482 3134 in
503 3073 586 3155 Aug.
608 3091 637 3136 c.
658 3073 713 3135 16.
747 3069 859 3134 Tiber.
880 3089 908 3132 c.
932 3090 988 3133 ιι.
1008 3068 1054 3129 iu.
1107 3064 1180 3129 vid.

134 3170 307 3237 Drakenb.
325 3172 367 3235 ad
388 3172 460 3234 Lir.
479 3186 536 3254 57.
557 3191 573 3253 ι
579 3187 612 3249 7,
629 3183 662 3250 3.
686 3170 742 3233 ubi
758 3173 849 3254 plura
863 3171 933 3234 loca
952 3178 1181 3254 congeruntur.

136 3272 191 3338 Ita
203 3272 285 3337 =nero
298 3275 396 3336 etiarn
413 3274 453 3337 de
469 3274 588 3358 pedite,
612 3275 662 3334 uti
674 3273 794 3335 docent
808 3271 987 3335 Tenuuliue
1002 3284 1035 3334 et
1051 3268 1183 3332 Oudon·

137 3372 236 3461 dorp.
258 3373 298 3437 ad
320 3374 466 3438 Frontin.
487 3397 517 3447 ι,
539 3386 575 3456 4.
597 3391 634 3453 7.
683 3376 751 3438 Hac
767 3375 866 3460 igitur
879 3371 1065 3457 metaphora
1085 3370 1181 3434 Pom·

136 3476 278 3563 poniue.
311 3478 365 3538 cui
393 3477 552 3549 inhaeret.
585 3474 717 3540 brevem
744 3478 981 3540 maritimomm
1003 3476 1038 3539 in
1069 3473 1185 3558 primia

136 3575 287 3643 locorum
311 3576 475 3641 recensum
500 3578 671 3664 promittit,
704 3576 787 3642 iacta
811 3578 876 3641 sire
900 3578 1181 3661 praetervectione,

138 3693 179 3742 ut
211 3680 530 3766 promontoriorum.
569 3679 635 3744 five
666 3681 904 3765 peragratione,
939 3692 978 3741 ut
998 3681 1181 3764 regionum,

136 3781 283 3845 urbium.
326 3782 379 3844 stc
393 3801 562 3863 peragrare
578 3778 676 3844 etiarn
691 3801 709 3844 a
726 3780 846 3845 lustino
867 3801 922 3853 aa.
942 3800 997 3851 ro.
1019 3800 1048 3843 ι.
1071 3780 1111 3842 ad
1129 3798 1200 3867 na·¹

135 3883 342 3971 rigationem
355 3881 501 3948 refertur.
535 3882 610 3947 Huc
626 3902 706 3947 vero
720 3881 846 3967 respicit
859 3883 964 3947 noster
981 3898 1014 3953 ι,
1035 3899 1069 3959 7.
1085 3883 1130 3945 in'.
1198 3870 1201 3874 ’

213 4018 574 4106 peragratisque)
609 4020 744 4086 Orosiua
764 4042 794 4094 ι,
815 4036 848 4085 a.
859 4019 952 4115 stylo
970 4004 1181 4100 pervagabor.

136 4124 194 4195 su
208 4124 311 4192 Solia.
326 4142 355 4189 c.
372 4120 446 4209 ω.
460 4134 498 4208 a.
513 4121 549 4189 iu
562 4120 696 4191 diceudo
710 4123 926 4190 aamercort.
947 4121 1048 4208 Mare
1058 4119 1104 4224 esi
1115 4136 1183 4187 rue·
