2634 4716
156 463 158 466 Ι
222 392 274 451 ΙΝ
302 392 576 453 rontttntat„
617 392 700 452 LI.
741 394 835 451 Gli.
877 395 956 466 65.
1069 407 1111 471 75
1172 346 1176 368 ⁸

106 562 224 629 tmtffi
250 566 403 628 videntur
429 567 496 631 <luo
520 565 632 652 populi
656 570 850 650 illorumque
875 566 960 631 ledea
984 566 1044 631 ell'e
1067 568 1114 630 di·

106 665 194 731 trlae.
234 668 273 728 ln
291 667 374 731 Mela
389 681 472 730 eerte
488 669 562 732 ferri
580 672 632 732 hie
653 672 692 733 ad
708 671 828 755 Gangie
845 670 919 733 ollia
935 683 1113 752 nequeunt.

106 768 238 855 recurrit
261 768 392 841 Strabo,
427 773 481 851 qui
504 773 704 834 Gandaritim
726 774 854 857 longine
873 773 949 835 inde
969 784 1115 847 removet

106 873 114 933 l
128 871 207 934 Pori
221 870 379 933 ditionem
394 883 479 934 trans
495 874 645 937 riceiinen
659 888 693 937 et
708 874 878 953 Hyarotim
895 875 933 935 ad
949 874 1117 955 Hypanim

106 992 149 1035 tm
174 962 341 1050 Dionysio.
394 975 443 1034 lta
464 976 560 1036 etiam
583 976 787 1061 Ptolemaeus
805 973 1007 1037 'Gaudarasa
1032 975 1116 1036 Gan·

106 1074 194 1138 tridie
218 1075 278 1135 litu
306 1075 404 1158 longe
428 1090 555 1139 remoto
589 1076 744 1162 seiungit,
782 1097 921 1159 quorum
946 1078 1007 1138 illia
1031 1076 1116 1137 niitil

106 1177 214 1239 mnino
236 1195 311 1237 cum
343 1177 454 1260 Gange
484 1176 546 1239 luit
577 1199 771 1250 commune,
804 1178 856 1240 led
883 1198 922 1240 ex
948 1177 1117 1241 Alexandri
1243 1262 1246 1267 ¹

106 1278 204 1340 istoria
221 1277 276 1339 vel
303 1275 404 1339 forma
430 1279 597 1361 depravata
618 1281 670 1342 vel
695 1280 806 1362 populi
831 1281 924 1344 milli.
976 1278 1026 1342 Cf.
1053 1279 1118 1343 Sal·

106 1379 193 1449 arliae
206 1391 240 1439 et
254 1378 450 1450 Hammone,
478 1380 532 1442 hic
547 1382 585 1442 ad
603 1382 756 1452 Plinium,
781 1402 826 1444 ec.
844 1383 878 1445 lt.
929 1383 1015 1444 Hinc
1038 1399 1117 1444 vero

106 1480 277 1564 utigitur,
303 1499 358 1543 cur
369 1500 386 1542 a
399 1481 561 1563 Stephano
576 1477 658 1547 Ῥὼν
674 1483 794 1544 dicatur
809 1478 903 1555 πόλις
917 1479 1120 1569 Γανδαρικῆς

106 1580 232 1656 ἱκυθὲας
250 1595 284 1645 et
302 1583 340 1644 ad
358 1582 493 1669 Gerrnm
513 1599 547 1645 et
563 1585 698 1663 Scythae
718 1585 900 1668 relegentur
921 1585 1118 1670 Gangaridae

118 1682 372 1749 ostentandae
393 1703 410 1745 a
428 1686 553 1747 Valerio
580 1686 691 1748 Flacco
714 1687 748 1755 6,
772 1687 832 1757 67.
877 1687 962 1748 Hinc
980 1706 1058 1748 vero
1079 1686 1121 1746 tle

106 1798 213 1867 traque
227 1786 264 1849 in
285 1785 468 1851 auctoribue
489 1785 637 1871 leiiptura
658 1788 761 1873 potest
779 1788 922 1851 iudicari.
955 1785 1008 1852 Cf.
1022 1800 1121 1850 notae

106 1888 217 1952 itione.
346 1950 352 1959 ,
498 1880 503 1891 “

153 2091 379 2175 Paricani)
428 2094 477 2157 lta
491 2106 524 2155 et
545 2093 580 2155 in
604 2093 673 2156 aliie
695 2112 859 2158 occurrere
882 2093 1004 2155 dietum
1023 2091 1067 2155 eli
1087 2091 1123 2153 in

106 2205 152 2259 ot.
164 2195 236 2257 erit.
261 2195 442 2276 Stephanus
457 2216 495 2257 ex
509 2196 667 2273 Hecataeo
679 2195 801 2257 derivat
814 2215 830 2255 a
842 2196 1000 2264 Parianae,
1026 2193 1124 2255 Perli-

106 2295 242 2359 ie'urbe.
279 2296 380 2380 Quod
395 2297 417 2357 li
432 2309 517 2364 recte
534 2296 645 2367 habet,
672 2317 747 2357 cum
763 2315 831 2356 non
848 2297 888 2355 de
905 2296 993 2356 urbia
1010 2294 1124 2356 incolit

106 2410 230 2479 tttttetur
247 2398 300 2459 hic
321 2397 425 2468 Mela,
459 2395 512 2458 tect
527 2398 567 2459 de
584 2410 654 2459 toto
675 2398 812 2480 populo,
838 2397 986 2478 primaria
1002 2395 1053 2455 illa
1076 2415 1124 2456 re·

106 2498 191 2561 ionia
205 2498 344 2561 Perficae
358 2499 435 2559 urbe
449 2495 521 2568 luit,
548 2500 633 2579 quod
652 2499 792 2559 cernitur
810 2500 843 2558 in
860 2498 978 2559 Bactria
996 2511 1029 2557 et
1043 2498 1123 2562 aliia.

106 2592 270 2663 lardatione
294 2601 333 2661 etl
356 2601 439 2662 Plin.
464 2601 498 2669 6.
528 2597 628 2678 13.f.
653 2601 706 2664 16.
731 2600 879 2685 earniicit‚
913 2597 1040 2660 forsitan
1065 2595 1125 2660 effe

106 2720 159 2773 oe,
184 2722 265 2784 quoa
281 2701 398 2766 Ctefiaa
420 2702 502 2783 apud
516 2700 675 2763 Photium
694 2700 767 2764 cod.
785 2715 845 2777 73.
865 2722 898 2782 p.
921 2717 1000 2779 ¹⁰9·
1023 2699 1128 2786 Boot)-

106 2799 216 2877 ανῖους
237 2802 298 2886 (al.
321 2798 544 2890 Βαρκανίους)
567 2816 688 2875 vocet.¹
710 2802 772 2865 Sed
788 2802 829 2865 de
843 2821 957 2864 eorum
975 2802 1033 2861 litu
1048 2801 1128 2869 certi

106 2905 207 2987 liquid
230 2903 380 2967 constitui
407 2903 459 2966 vei
482 2902 522 2964 ste
544 2905 666 2986 nequit.
703 2902 883 2984 Stephanus
905 2922 945 2964 ex
968 2903 1127 2964 Hecataeo

106 3007 224 3069 mnino
240 3006 376 3069 Perfidia
391 3007 504 3067 urbem
520 3019 624 3067 vocat.
668 3003 753 3068 Curn
770 3005 803 3063 in
819 3002 921 3067 Cteiia
940 3003 1129 3086 praecedant

106 3107 258 3179 terbieee.
280 3105 342 3191 (de
366 3107 480 3188 quibua
502 3120 535 3182 5,
553 3118 585 3184 5,
600 3101 661 3189 4.)
687 3119 720 3169 et
743 3105 930 3168 Herodotue
953 3097 1129 3189 coniungat'

106 3228 163 3271 um
179 3208 317 3292 (lefolie,
343 3211 377 3270 in
392 3211 448 3270 illo
468 3222 568 3269 tractu
586 3207 758 3290 quaerendi
778 3206 940 3268 videntur.
981 3207 1014 3267 Si
1031 3210 1129 3267 Atta·

106 3306 150 3373 itti
168 3311 268 3374 Plinii
284 3312 317 3382 6,
339 3323 393 3389 ι8.
410 3309 431 3372 l.
451 3311 506 3374 re.
533 3329 613 3392 quoe
632 3310 716 3369 inter
732 3307 894 3371 Candaroa
909 3321 943 3370 et
961 3306 1130 3369 Parieanoe

106 3415 195 3484 unit.
220 3433 260 3475 ex
276 3413 431 3475 Harduiui
448 3410 783 3493 opinione'Stralrouie
798 3432 853 3487 rr.
867 3430 899 3491 p.
917 3421 1001 3489 554.
1012 3406 1129 3485 [513.

106 3530 163 3578 ant
178 3515 305 3593 Attasri,
331 3515 385 3577 etli
403 3514 454 3577 alii
473 3513 596 3597 Augasri
616 3512 756 3596 malunt,
783 3511 820 3572 ad
843 3508 1078 3593 Mallagetarum
1097 3523 1131 3569 et

106 3629 240 3679 'arearum
254 3617 391 3679 confinia
404 3615 493 3677 reiici
509 3613 638 3683 debent,
654 3628 688 3676 et
703 3625 779 3676 tunc
791 3611 875 3673 Mela
892 3613 967 3674 inde
983 3611 1022 3672 ab
1037 3612 1130 3672 lndia

106 3720 197 3784 'erlue
228 3717 364 3781 austmm
387 3733 421 3779 et
447 3715 706 3798 septemtrionem
729 3716 897 3777 interiores
920 3713 1059 3796 populor
1081 3730 1130 3776 re·

106 3823 209 3887 eulet.
247 3821 373 3884 Diversr
396 3819 545 3891 Pariani,
570 3819 610 3882 de
627 3816 743 3900 quibua
758 3817 798 3879 ad
820 3836 849 3887 r,
872 3833 927 3897 ¹9·
944 3817 990 3878 in.

166 4022 345 4105 Bactri)
390 4025 443 4087 Sic
464 4036 498 4085 et
524 4022 633 4084 Plinio
657 4023 691 4090 6,
717 4032 772 4099 18.
796 4018 818 4082 l.
843 4019 899 4083 16.
922 4032 956 4081 et
976 4016 1052 4079 alibi
1073 4033 1132 4079 vo·

106 4140 213 4221 ntor.
248 4127 430 4210 stephanus
447 4125 535 4190 idom
548 4138 640 4189 notat
654 4138 688 4187 et
701 4116 857 4212 otranni
875 4133 908 4184 et
921 4114 1132 4210 Βακτριανοί,
