2634 4716
211 378 264 496 in
289 384 431 494 rone:
454 433 562 495 unt.
603 430 640 494 t.
663 426 694 493 r.
728 431 762 495 c.
782 431 835 495 nt
876 434 956 509 ea.
1042 432 1106 518 ιε,-

63 602 364 674 he‘nrlitverrleriue
382 611 417 673 in
433 609 571 675 oenflon.
593 621 727 673 auctore.
745 618 830 692 ρ.’7.
857 626 925 673 non
949 606 1050 674 lolunr
1068 610 1111 689 in,
1176 588 1179 595 ¹
1243 665 1274 679 ,.

63 710 184 785 nollro,
207 718 256 792 (u,
273 726 307 791 7,
327 730 384 775 uo.
414 724 448 794 3,
467 728 501 792 7,
521 732 551 775 t.
569 714 618 792 2.)
645 710 696 775 led
710 724 742 774 et
762 713 797 773 i'n
813 712 882 776 aliie
898 700 1026 796 tegitur.

142 912 507 997 Hippopotamos)
540 914 667 979 Gtteeie
683 911 775 979 ἵπποι
789 908 966 1003 ποτάμιοις
988 912 1108 979 Achilli
1228 980 1230 985 ,

61 1014 162 1080 Tatio
182 1024 217 1095 4.
241 1034 272 1080 u.
294 1036 334 1078 ert
353 1018 587 1102 Aegyptiorum
602 1016 660 1078 usu
675 1013 768 1083 innoc
788 1013 849 1082 ruli
867 1012 1002 1079 Νείλου.
1040 1019 1106 1081 Ile·

63 1115 253 1201 seripserunt
268 1118 423 1182 Herodot.
441 1133 474 1186 u.
493 1137 552 1200 7ι.
578 1119 716 1184 Diodor.
730 1120 792 1182 Sic.
813 1138 842 1190 t.
859 1130 918 1198 35.
945 1109 1104 1184 Aristoteli

63 1218 147 1282 iiiii.
161 1220 272 1283 enim.
288 1237 320 1288 e.
338 1234 396 1284 tn.
418 1220 504 1282 Plin.
522 1232 555 1296 a.
573 1234 632 1306 39.
648 1218 672 1285 l.
689 1230 746 1299 05.
773 1220 877 1283 Solin.
892 1238 920 1281 e.
939 1215 1031 1298 gel.
1043 1232 1106 1300 35.

61 1316 206 1383 Achilleo
219 1320 381 1400 Tenere.
397 1337 431 1384 0.
463 1321 651 1384 Ammianus
667 1336 725 1393 nu.
748 1333 804 1400 ¹5·
835 1322 966 1383 'Eorum
988 1339 1027 1382 er
1049 1339 1106 1383 ve·

64 1420 187 1485 teribus
217 1418 378 1485 hiliorium
400 1422 540 1485 criticum
570 1422 723 1485 adnexuit
755 1421 968 1486 Schneiderue
992 1421 1106 1486 Arterll

64 1521 287 1602 synonymiee
304 1521 438 1607 piscium
460 1524 516 1587 Gr.
536 1536 569 1587 et
590 1524 695 1589 Latin.
745 1526 933 1607 Dlecrepant
954 1524 1105 1605 uliqueted

62 1644 125 1687 nuo
141 1638 285 1687 auctores
297 1639 441 1697 veteres.
469 1625 554 1708 quorl
576 1637 610 1687 et
631 1627 740 1689 docuit
754 1626 919 1689 Sulmeliut
939 1626 978 1686 td
998 1626 1104 1691 Solln.

39 1756 43 1761 ·
63 1742 92 1788 t.
109 1736 168 1805 30.
188 1722 209 1787 l.
224 1736 282 1804 35.
299 1746 332 1808 p.
346 1746 391 1787 rn.
412 1739 497 1807 323.
522 1728 641 1811 quippe
659 1747 798 1809 quorum
812 1727 866 1789 ulii
883 1726 1102 1799 Herodotum,

63 1826 118 1889 alii
132 1820 329 1889 Aristotelem
344 1824 529 1910 lequuntur.
580 1829 619 1889 in
640 1832 760 1900 nomio.
784 1831 840 1911 qui
863 1845 920 1890 eot
934 1827 1104 1902 ollentunt,

63 1927 164 1990 orrida
177 1940 211 1991 et
224 1928 375 1993 dentibus
387 1947 509 2012 aprum,
532 1930 664 2015 ungulie
677 1942 711 1992 et
725 1930 811 1992 mole
827 1929 967 2011 corporie
982 1928 1105 1993 bovem

62 2026 172 2094 refert.
221 2028 289 2090 Etsr
312 2028 423 2092 Graeci
444 2024 543 2095 innon
565 2023 728 2119 ποτάμιον
747 2041 881 2101 vocent.
909 2027 971 2090 fuit
994 2043 1104 2095 temen

40 2132 163 2193 ·etiarn
182 2128 353 2219 χερσαῖος.
379 2132 430 2193 uti
449 2132 538 2195 addit
557 2130 721 2195 Diodorus
736 2131 883 2201 Siculut,
908 2132 964 2212 qui
982 2132 1107 2216 mugni-

61 2233 216 2294 tudinem
232 2229 280 2293 illi
294 2232 348 2295 det
362 2231 548 2315 elephanti·
573 2231 745 2314 Depolcere
761 2229 880 2316 legetee
898 2244 1021 2313 praeter
1040 2226 1107 2293 1²11ss

61 2334 159 2396 nium
172 2345 206 2397 et
224 2333 304 2397 tliot
321 2352 389 2397 non
408 2331 510 2396 folum
525 2336 653 2398 notavit
669 2333 790 2396 Aeliae.
805 2334 840 2393 in
856 2331 938 2394 nist.
952 2333 1051 2395 eninr.
1067 2345 1105 2409 5.

63 2447 126 2517 33.
154 2432 205 2497 leel
228 2448 262 2497 et
283 2434 354 2498 elue
375 2435 579 2499 calliditatem
604 2432 772 2527 delcripllt.
823 2433 947 2497 Omnee
968 2435 1002 2495 in
1027 2433 1107 2498 Nilo

62 2550 208 2620 ponunt.
232 2554 442 2619 quemquern.
468 2537 543 2600 telle
566 2536 722 2600 Strnbone
745 2546 799 2613 ¹5·
824 2555 858 2618 p.
875 2538 961 2618 436.
979 2533 1000 2598 [.
1016 2551 1104 2612 707.

63 2638 208 2700 inludia
224 2638 320 2701 etiem
337 2637 419 2700 nasci
436 2638 605 2702 tradiderat
621 2636 825 2700 Onesicritus.
865 2635 978 2698 Nollra
993 2649 1106 2701 autem

63 2750 166 2801 eetete
187 2739 264 2802 iude
280 2741 419 2802 maxime
435 2740 473 2802 ub
494 2758 579 2803 tneo
605 2740 699 2817 1658
723 2757 791 2800 non
813 2739 949 2820 urnpliue
968 2732 1105 2802 in'Nilo

63 2840 231 2921 adparent.
271 2836 374 2903 i'tnmo
396 2842 431 2902 in
453 2843 602 2927 Aegypto
625 2838 796 2924 superiori,
828 2840 886 2900 ubi
910 2841 988 2901 olim
1014 2851 1106 2901 erunt

62 2937 265 3024 frequenter.
297 2942 354 3005 rix
371 2943 510 3006 nomine
520 2944 590 3005 noti
613 2941 702 3011 lunt.
735 2942 807 3023 quia
828 2941 905 3003 inde
927 2943 961 3001 in
983 2938 1107 3020 libyssi·
1217 2986 1224 2999 .

61 3045 154 3105 niem
169 3040 370 3129 aufugerunt,
394 3055 438 3115 et,
463 3045 550 3127 quod
572 3044 716 3106 adfirmet
736 3042 838 3103 Bruce
859 3041 929 3102 Vol.
948 3058 980 3102 u.
1002 3061 1035 3123 p.
1057 3060 1103 3105 m.

50 3156 154 3229 Ι639.
174 3145 257 3227 apud
277 3144 458 3229 Shungullte
480 3146 515 3207 in
536 3144 649 3230 liugnie
671 3157 787 3228 egunt3
819 3142 852 3202 id
875 3141 961 3222 quod
983 3141 1023 3203 rle
1044 3143 1105 3206 Ae·

63 3257 167 3331 gypto
186 3245 335 3309 tolluntur
359 3248 456 3309 etiam
479 3245 619 3309 Browne
643 3266 676 3329 p.
698 3256 758 3324 95.
788 3255 822 3305 et
846 3242 987 3304 Sonnini
1007 3244 1049 3306 Τ.
1069 3260 1103 3307 u.

61 3367 99 3430 p.
127 3364 211 3427 29¹·
238 3349 293 3429 qui
315 3364 356 3409 ex
379 3347 514 3410 eliorum
538 3345 771 3409 narrationibus
793 3343 921 3407 conficit
946 3343 1104 3408 ultimum

63 3466 122 3512 eot
133 3449 167 3509 iu
184 3448 332 3534 Aegypto
347 3447 429 3512 viloe
447 3448 508 3510 elle
528 3465 578 3512 en.
601 3448 707 3525 1658.
759 3443 863 3510 Cuiue
875 3440 962 3506 unuin
978 3464 1045 3508 non
1067 3446 1103 3506 in

62 3550 238 3639 hominum
255 3550 369 3614 maiori
388 3550 567 3612 eelebritrte
580 3551 689 3631 quaeri
704 3546 818 3620 debet,
845 3542 898 3609 led
914 3545 949 3606 in
965 3547 1104 3610 telorum
1117 3558 1121 3567 ’

61 3652 231 3736 pyriorurn
246 3648 315 3715 ulu.
365 3650 474 3714 Hodie
494 3648 575 3715 iactu
595 3649 813 3733 exploratione
829 3660 973 3709 nontam
990 3647 1105 3710 fluvio·

62 3752 137 3815 tiler
151 3754 226 3836 equi
248 3751 415 3823 habentur.
440 3772 535 3834 quem
550 3755 662 3836 potiut
674 3751 771 3812 vituli
790 3749 916 3811 murini.
950 3745 1002 3811 cf.
1019 3768 1103 3830 quae

61 3851 251 3917 adferuntur
269 3856 305 3915 in
326 3853 550 3939 Liuhtenberg.
573 3853 721 3937 Megazin
739 3884 791 3899 -
812 3849 951 3912 enodet
974 3848 1102 3929 Phylrk

61 3957 157 4038 ‘124
182 3955 221 4020 Ρ.
243 3974 272 4018 r.
293 3974 326 4039 p.
344 3965 388 4035 30
405 3952 469 4038 sqq.
525 3956 610 4038 Equi
632 3972 753 4015 nomen
775 3950 814 4013 ub
836 3950 966 4012 hinnitu
988 3949 1101 4012 acriori

61 4058 196 4141 qnldem
210 4057 355 4119 edditum
369 4056 422 4128 eii,
445 4058 486 4120 de
498 4075 565 4139 quo
574 4053 688 4119 lieilen
703 4054 758 4117 der
774 4049 993 4116 Oiiindilchen
1003 4050 1102 4114 Corn·

59 4159 184 4248 pupule
195 4190 246 4213 -
261 4158 361 4231 Tum.
378 4169 416 4240 4.
438 4176 472 4244 p.
486 4167 576 4239 440.
600 4184 652 4207 -
691 4156 742 4218 lix
759 4151 1014 4230 recentiorum,
1040 4152 1099 4237 qui
