2634 4716
185 366 399 478 ruaour.
428 414 536 493 unu
577 413 660 471 ut
700 414 836 477 extu
878 410 960 488 ra
1028 426 1120 529 4ιςρ

125 581 371 684 obscurior)
352 589 581 671 )Solinuec.
598 588 619 650 t
641 589 681 650 iic
696 590 820 653 reddit.
849 589 945 686 Quod
961 606 1091 657 antrum

47 693 131 757 iaris
151 695 286 774 primum
302 704 394 774 patet
406 683 580 780 faucibau,
604 689 835 813 pqslmndutn
822 714 856 755 m
873 687 1016 786 proctffu
1035 718 1092 778 per

46 794 219 890 angustias
241 786 435 886 obscuratur.

127 988 277 1089 ausos)
327 995 498 1080 Religione
517 1017 585 1061 non
606 993 796 1082 impeditor.
822 1018 888 1082 quo
910 1002 1018 1065 minua
1040 1021 1093 1064 au·

49 1101 159 1163 deant.
196 1119 220 1163 1.
242 1118 438 1161 nunnovrvn
455 1101 531 1164 MS.
554 1120 584 1166 t.
633 1104 684 1165 Sc.
705 1102 874 1185 progredi.
905 1104 1031 1187 ingredi
1053 1123 1095 1166 nx

50 1216 187 1287 cognata
205 1202 258 1263 vel
274 1220 418 1264 connexe
434 1220 512 1264 voce
528 1222 601 1264 cum
617 1201 717 1264 verbo
732 1201 832 1272 duan.
854 1222 932 1284 quae
948 1207 1094 1286 exempla

51 1322 122 1365 non
139 1323 204 1364 rara
221 1302 302 1366 [unt.
343 1304 392 1367 .1n
409 1305 520 1383 primis
534 1319 641 1367 auteur
658 1303 830 1367 auderato
845 1301 1016 1386 saepiffitne
1037 1324 1094 1387 po·

51 1406 159 1487 nitur,
193 1419 232 1465 ut
252 1403 387 1465 verbum
415 1405 549 1465 alterum
580 1404 674 1474 defit.
709 1405 793 1486 quod
821 1424 860 1467 ex
887 1425 972 1468 nexu
998 1408 1096 1469 debet

52 1504 204 1588 subpieri.
239 1507 313 1568 Vin.
337 1504 447 1567 Bofiue
471 1520 503 1568 et
526 1508 717 1568 staverenut
735 1504 913 1586 ,adNepot
932 1522 965 1581 7,
989 1528 1041 1575 to.
1058 1517 1095 1586 4.

53 1607 182 1688 aliique,
209 1626 290 1689 quos
307 1607 360 1668 hic
380 1621 546 1673 memorat.
569 1609 686 1689 quibus
703 1607 777 1666 addi
798 1606 930 1687 poliunt·
945 1609 1097 1670 Barthiue

52 1723 90 1771 et
107 1709 281 1771 Burmann.
302 1710 339 1769 ad
357 1707 459 1779 Gratii
482 1710 637 1792 Cyneget.
657 1730 689 1769 v.
708 1719 794 1786 498.
826 1721 857 1769 et
876 1708 1039 1772 Drakenb.
1057 1711 1098 1770 ad

54 1810 202 1873 Sil..ltal.
221 1828 253 1889 9,
271 1825 357 1888 452.
397 1812 522 1871 Dicitur
538 1825 645 1872 autern
663 1807 751 1890 saepe
769 1810 808 1868 de
824 1829 857 1871 re
873 1808 994 1871 difficili
1013 1811 1099 1872 labo·

52 1913 162 1993 rirque
182 1912 292 1992 piena,
319 1925 356 1970 ut
372 1913 404 1970 in
423 1911 549 1973 Graecia
563 1908 711 1998 τολμᾷν,
736 1912 778 1972 de
794 1930 859 1990 quu
874 1909 933 1971 usu
953 1911 1099 1993 exempla

55 2014 147 2075 dabit
170 2009 293 2074 Duker.
313 2013 353 2072 ad
376 2013 458 2072 Flor.
481 2032 508 2082 ι,
532 2026 586 2082 17.
607 2023 641 2088 5.
662 2024 695 2071 et
709 2028 788 2091 quon
804 2013 961 2075 nominat.
1013 2014 1100 2073 Hinc

54 2127 93 2177 et
118 2116 152 2173 in
177 2114 271 2174 laude
295 2131 350 2194 per
372 2131 490 2172 nexum
511 2111 642 2197 ponitur
666 2112 706 2171 de
727 2110 822 2173 rebue
842 2113 965 2182 arduis.
1001 2115 1100 2174 modo

56 2214 217 2283 absolute,
253 2215 353 2274 modo
375 2216 546 2273 coniuncte
571 2230 645 2272 cum
672 2212 839 2272 adiectivit
864 2225 896 2272 et
920 2213 1100 2274 infinitivis.

57 2319 111 2387 lta
129 2335 206 2378 vero
228 2319 326 2377 etiam
347 2313 461 2377 audax
473 2316 529 2377 via
545 2312 645 2377 Orid.
661 2313 702 2375 de
718 2315 756 2375 t.
772 2311 808 2376 Δ.
829 2327 862 2383 2,
880 2328 941 2376 uu.
965 2313 1103 2377 Phaedr.

58 2430 99 2502 4,
123 2418 157 2489 6.
181 2429 216 2495 8.

139 2613 362 2698 curriculo)
412 2614 504 2700 Quae
526 2610 697 2681 fimilitttdo
720 2615 840 2687 innuit,
867 2613 958 2679 fuiss'e
978 2629 1104 2681 tantum

60 2739 163 2783 unani
179 2721 243 2779 ittic
259 2719 361 2787 viam.
390 2717 473 2799 quast
491 2719 524 2778 in
543 2733 650 2798 crypta
674 2718 831 2788 ettotam.
863 2731 898 2778 ut
918 2734 1007 2781 eraut
1027 2722 1105 2781 enti·

61 2840 202 2904 quntum
221 2820 377 2887 cuniculi,
411 2821 462 2880 vei
488 2819 556 2879 viae
581 2817 799 2881 subterraneae
819 2838 857 2880 ex
881 2819 1000 2888 castris.
1026 2840 1106 2902 quae

14 2972 35 2987 .
62 2922 179 2983 urbem
195 2922 330 3002 aliquam
353 2919 551 2982 obsidebant.
604 2920 695 3002 Quae
716 2925 768 2980 vin
791 2922 1050 3002 progrediebatur
1067 2925 1107 2983 ed
1214 2928 1218 2935 ’

62 3037 190 3087 eertum
211 3023 297 3082 urbia
314 3021 438 3091 locum,
473 3040 568 3101 quem
584 3021 763 3081 mechanici
773 3020 963 3102 ‘etegerrnu
992 3037 1030 3083 ut.
1052 3041 1107 3102 per

62 3137 196 3188 noctem
222 3135 459 3206 oppugnatores
482 3123 528 3181 ibi
547 3121 721 3190 extitirent.
753 3133 786 3183 et
813 3120 927 3181 urbem
951 3124 1107 3203 opprime·

63 3237 159 3294 rent,
192 3225 284 3304 quale
308 3227 420 3283 accidit
451 3225 536 3299 Vejie
562 3223 645 3302 apud
675 3223 748 3282 Liv.
770 3231 801 3296 5,
825 3236 884 3282 ut.
926 3242 949 3282 1.
978 3242 1108 3284 cuono.

64 3345 146 3389 vivs
166 3324 243 3386 MS.
295 3325 325 3383 T
327 3326 389 3385 alea
411 3323 517 3406 specus
540 3317 651 3404 passim
675 3320 912 3391 deseribuntur.
938 3342 1020 3403 quos
1042 3344 1109 3387 non

64 3426 128 3490 niu
144 3425 229 3487 [calis
247 3424 463 3508 machinisque
479 3424 625 3495 admotle,
650 3436 704 3485 aut
720 3423 888 3505 irrependo
904 3421 1005 3488 [ubire
1025 3423 1110 3491 licet.

55 3690 60 3697 ,
147 3626 304 3708 amuis)
348 3624 503 3692 Meminit
516 3627 586 3688 eiua
601 3624 696 3688 etiarn
714 3624 837 3693 Strabo.
857 3638 923 3687 non
939 3626 1016 3688 item
1032 3630 1111 3692 sott-

66 3750 144 3796 uue.
182 3731 256 3791 lile:
283 3718 400 3814 ἄντρον
417 3723 496 3813 ἔχον
512 3723 659 3814 pruritur
679 3723 784 3814 πηγὴν
806 3721 958 3819 ποταμὸν
973 3714 1112 3804 &trione

70 3829 223 3920 καθαροῦ
244 3824 358 3894 τεκαὶ
378 3825 563 3912 διαφανοῦς
587 3822 717 3903 ὕδατος.

151 4034 163 4095 ι’
169 4044 340 4109 mpetum
348 4031 367 4115 )
415 4030 544 4116 Ingenti
561 4027 730 4094 velocitate
748 4046 813 4092 non
833 4023 930 4114 longe
947 4032 1115 4113 procurrit.
1149 4084 1152 4089 .

72 4138 235 4219 Impetum
260 4132 354 4208 dicit,
390 4153 491 4229 quum
520 4152 556 4198 re
586 4151 662 4196 vera
689 4133 827 4214 impetur
859 4132 1050 4207 nullunfit.
1083 4148 1117 4197 et

666 4232 732 4296 nd
760 4247 781 4297 a
