2634 4716
128 403 194 469 1⁰8
396 393 563 457 nom
601 392 907 461 unomen

125 572 168 636 ed
188 570 303 658 Virgil.
324 571 405 635 Aen.
428 588 463 643 2,
489 567 577 652 604.
596 588 626 639 ,e
643 570 763 654 qnibne
781 570 881 633 etim
899 567 1046 650 exemplo
1066 563 1172 651 proie-

125 688 256 738 ruutnr.
291 671 417 757 Libyae
438 693 555 735 arettas
572 684 683 737 entem
699 671 881 756 frequentet
896 672 932 733 iu
950 670 1066 757 primis
1085 665 1173 752 apud

124 790 239 861 poetro
258 788 563 844 commemorantur,
587 776 630 838 de
647 774 764 857 quiboe
777 772 845 837 vid.
862 772 1032 836 Bentleiue
1044 770 1087 832 ed
1105 770 1174 832 ilo·

126 892 188 940 rat
201 875 235 959 5'.
247 874 305 941 od.
319 888 355 957 4.
373 890 432 956 3¹·
457 892 493 940 et
508 875 639 941 Nodelt
654 878 690 938 in
704 877 792 939 notio
807 875 940 945 criticis,
965 891 1043 957 qnae
1056 871 1173 934 Ariani

126 976 249 1041 iebulie
267 978 421 1039 adnexuit
441 997 508 1060 nep.
525 989 560 1054 5.
584 998 617 1062 p.
637 992 720 1055 ¹¹⁴7·
770 979 819 1040 lte
838 977 975 1038 omnino
992 976 1033 1039 de
1050 975 1175 1060 ignotie

125 1077 314 1164 regionibus
335 1081 404 1142 loce
418 1079 504 1141 aeliu
522 1092 557 1140 et
575 1077 694 1166 frigore
708 1078 824 1149 exutio,
849 1077 926 1142 ierit
946 1078 1053 1160 plene,
1080 1074 1176 1138 restit

125 1181 228 1243 oblite
243 1179 412 1242 montibus
427 1179 609 1265 tingebant,
633 1178 683 1252 uti
698 1182 794 1245 docet
812 1174 939 1243 Voffiue
953 1178 992 1240 ed
1006 1179 1176 1259 stylnoen

126 1302 163 1367 p.
185 1282 266 1344 126.
295 1281 368 1364 (ed.
394 1281 567 1366 Gronov.)
591 1285 649 1345 etii
669 1284 723 1345 hic
738 1302 815 1344 vere
832 1301 870 1343 ee
892 1293 1069 1343 nernutnr.
1121 1274 1177 1343 ci.

126 1397 254 1469 praeter
270 1383 349 1447 elioe
362 1384 473 1446 Poiret
493 1399 619 1469 voyege
632 1402 676 1446 en
692 1383 851 1455 barbarie,
875 1380 1005 1465 praeiet.
1020 1401 1055 1465 p.
1072 1398 1092 1445 2
1110 1377 1176 1465 loq.

125 1483 218 1549 Note
231 1483 306 1547 lunt
320 1486 359 1549 ln
375 1486 490 1570 primie
505 1482 625 1551 desem
640 1485 756 1551 Bone
771 1500 806 1550 et
823 1486 946 1551 omae.
1182 1496 1188 1507 '

197 1679 353 1782 sitim)
403 1688 549 1772 Nempe.
579 1691 637 1774 qui
660 1688 716 1753 l'ub
745 1692 878 1774 tropicie
900 1688 991 1761 funt,
1016 1706 1177 1774 magnum
1206 1686 1212 1701 ⁸

126 1788 250 1855 redum
269 1790 432 1854 insonent.
470 1792 605 1855 Diodor.
626 1792 681 1855 lib.
698 1803 734 1872 4„
757 1789 832 1881 [lib.
850 1806 883 1872 3.
901 1811 929 1857 o
947 1787 1027 1880 54.]
1050 1791 1092 1852 etl
1116 1792 1178 1853 Ae·

125 1892 223 1977 gypti
238 1906 273 1952 et
285 1891 560 1975 Troglodyterum
573 1895 654 1956 linee
667 1906 798 1955 tentum
811 1894 896 1956 Solio
908 1895 990 1955 circe
1000 1893 1177 1955 meridiem

125 1992 249 2056 ustum
272 1992 333 2055 effe
359 1991 482 2063 scribit.
515 2008 554 2054 ut
577 1993 614 2059 ‘ut
640 2014 696 2057 m
716 2012 853 2055 eeoemo
876 1994 959 2065 cibi,
991 2013 1068 2055 curn
1094 2010 1179 2076 eque

126 2093 242 2178 politi,
268 2093 430 2176 extemplo
455 2092 529 2157 lolie
548 2093 661 2158 ardore
678 2093 796 2176 absque
815 2097 891 2179 igne
908 2096 972 2156 alio
995 2094 1179 2177 decoquen-

8 2200 14 2209 '
124 2208 198 2267 rur,
222 2194 383 2260 monuo·
397 2195 487 2258 nudo
508 2197 590 2280 pede
609 2210 725 2259 terram
741 2198 897 2280 attingere
912 2210 1017 2278 queat.
1069 2196 1176 2280 Quae,

126 2297 251 2380 iuquit.
276 2296 500 2382 ignorantibus
523 2296 727 2360 incretlibilie'
743 2298 907 2368 uidentur,
932 2299 973 2360 iio
990 2315 1089 2371 vero,
1116 2299 1178 2381 qui

125 2401 252 2482 experti
268 2396 351 2470 lunt,
375 2396 491 2461 facilia.
541 2398 704 2464 Credibile
721 2400 819 2484 igitur
836 2397 944 2469 luerit,
970 2399 1177 2462 Androclum

126 2500 223 2564 illum
237 2500 346 2563 Gellio
362 2492 419 2585 [5.
442 2493 520 2587 140]
543 2501 720 2570 celebrem,
744 2503 903 2584 opimiora
919 2499 1063 2563 membre
1082 2520 1176 2584 pne-

127 2602 188 2663 dee
209 2602 330 2668 leonio.
363 2617 504 2680 quocum
524 2601 558 2660 in
580 2601 682 2679 Libye
705 2603 847 2664 triennio
869 2602 1044 2674 victitavit,
1075 2604 1177 2666 neri·

127 2700 227 2762 diano
241 2697 306 2762 lole
322 2698 484 2770 termille,
508 2719 584 2760 cnm
598 2703 709 2785 ignem
723 2721 789 2764 noo
812 2701 954 2768 haberet.
1006 2704 1045 2766 ld
1060 2718 1177 2769 antem

127 2802 210 2863 circe
226 2799 415 2881 Capricorni
431 2800 593 2883 tropicum
616 2800 814 2885 frequentino
832 2804 985 2889 obtingit.
1023 2804 1112 2869 Nom
1128 2804 1176 2871 iol

126 2903 196 2966 illic
219 2916 318 2963 terrae
340 2901 480 2963 vicinior
500 2900 563 2972 eit,
594 2918 628 2966 et
645 2908 797 2968 omnium
815 2907 1016 2988 planetarum
1041 2907 1084 2970 ob
1107 2909 1176 2972 loci

126 3001 247 3068 subditi
260 3002 357 3064 rediit
373 3004 645 3086 propinquitatem
661 3006 762 3068 maior
779 3010 839 3078 vis,
862 3021 895 3070 et
906 3009 1008 3070 maior
1021 3006 1175 3076 humori·

127 3104 281 3186 depastio.
334 3103 422 3165 Hinc
448 3104 610 3170 Homerue
637 3103 696 3195 [ll.
717 3126 748 3178 1,
769 3116 843 3190 423
861 3103 925 3195 iq.]
953 3100 1175 3183 lovemcun't

128 3207 191 3269 tliie
214 3203 368 3270 omnibns
396 3204 431 3267 in
456 3204 626 3291 Aethiopia
651 3209 735 3290 opud
761 3210 953 3292 Neptunum
976 3214 1175 3278 convivium

127 3326 220 3393 egere
240 3307 343 3369 fittxit.
378 3324 563 3370 vtotuuve.
614 3309 780 3374 sallustius
799 3313 870 3398 lug.
886 3313 924 3405 ll.
945 3332 973 3375 c.
993 3312 1091 3388 17.s.
1111 3330 1179 3400 13..

127 3408 213 3470 coelo
237 3420 382 3492 tetroque
403 3411 538 3489 penurie
558 3430 723 3494 aquarum.
776 3414 900 3475 Eadem
922 3426 954 3476 et
976 3395 1112 3480 Curtitie
1133 3428 1172 3499 4.

130 3524 165 3587 7,
190 3509 223 3573 6.
258 3526 472 3573 cttccoutre.
514 3512 562 3573 ¹ln
584 3511 642 3574 hac
662 3511 784 3575 Africae
808 3515 1019 3599 descriptione
1043 3514 1171 3584 secum!

127 3611 173 3675 ell
197 3613 231 3671 in
259 3611 369 3672 multie
393 3610 572 3673 sallustium
603 3613 699 3678 Melo.
738 3637 886 3680 voettve.
950 3619 1039 3680 Haec
1068 3622 1171 3687 verbe

127 3713 257 3796 egregie
278 3711 415 3794 explicat
436 3710 548 3774 Livius
565 3724 600 3794 4,
625 3728 681 3794 30,
702 3731 735 3791 7.
761 3739 816 3778 nec
838 3719 977 3814 coelestes
998 3721 1094 3786 modo
1117 3724 1169 3787 de·

120 3805 264 3906 fuerunt
277 3831 396 3895 oquae,
414 3804 477 3904 sed
490 3827 574 3876 term
587 3836 724 3900 quoque,
750 3818 890 3900 ingenito
913 3825 1043 3883 humore
1062 3846 1167 3906 egens,

127 3915 189 3978 vix
201 3912 247 3974 ed
257 3933 406 3992 perennes
412 3906 556 4005 subfeet't
573 3938 686 4000 equas.
713 3937 738 3982 1.
754 3939 951 3986 ououovwe
965 3925 1042 3987 MS.
1084 3926 1168 3993 Sitis

129 4015 210 4076 coeli
230 4013 358 4096 quondo
378 4033 447 4077 non
467 4017 569 4100 pluit;
593 4015 676 4108 ficit
698 4033 800 4083 terrae
820 4026 948 4105 quando
967 4022 1074 4090 iontee
1096 4049 1169 4093 nou

129 4114 212 4181 lunt
232 4132 460 4184 eventuum.
491 4117 619 4187 Praeter
633 4139 679 4195 ee,
696 4138 776 4206 quie
790 4124 826 4187 in
835 4127 951 4192 criticis
961 4131 1085 4205 notavi,
1101 4132 1168 4199 hoc
