2634 4716
225 377 573 457 rumununc.
604 398 697 483 nr.
740 398 774 457 c.
796 399 820 454 ι.
862 363 960 467 ias
1070 350 1108 477 ιι
1171 366 1182 385 ”

58 570 121 634 (lca
146 564 201 658 [in
216 572 353 636 Timaeo
368 594 401 654 p.
418 573 648 656 goaliipont.
669 571 690 636 l.
709 564 792 657 αθ]
812 567 851 633 Ὁ
869 523 917 658 δὴ,
930 569 994 645 πᾶς
1012 560 1108 660 οὖρα·

59 667 124 747 νὸς,
152 667 320 758 ἧκόσμος,
346 669 367 761 ἦ
388 670 442 765 arci
461 670 557 746 ἄλλο,
585 668 615 747 ὅ,
639 697 670 737 rr
687 673 769 739 ποτὲ
789 668 1026 764 ὀνομαζόμενος
1047 665 1118 763 pul·-
1170 658 1175 667 ’

59 769 147 836 λιστ’
173 769 215 838 ἂν
239 772 390 861 δέχοιτο,
421 775 498 841 τοῦ
507 773 540 839 9’
565 769 640 862 ἡμῖν
666 770 850 861 tropicon.
896 776 986 838 'Hoc
1011 781 1108 861 igitur

60 871 237 949 δεικτικῶς
254 878 401 939 dicebant
424 894 549 941 vererer
569 880 694 940 coelum
718 879 820 963 digito
843 878 1104 961 demopllrantee.
1196 914 1225 957 ,-

58 979 157 1061 Apud
175 978 367 1041 Ciceronem
385 982 425 1040 de
440 993 504 1043 nat.
522 982 619 1042 Deor.
638 996 669 1041 2.
696 976 744 1066 [c.
767 973 845 1064 25.]
874 981 1019 1040 Ennius:
1045 970 1114 1052 cui.¹

58 1078 196 1164 quodid
216 1102 264 1141 me
276 1079 331 1172 ss,
356 1073 541 1170 exsecrabor
561 1082 630 1151 hoc,
654 1081 740 1163 quod
759 1083 851 1151 lucet,
875 1080 1030 1164 qrridqrdd
1050 1079 1106 1172 est.

58 1182 148 1242 Hinc
166 1181 217 1242 illa
235 1183 349 1243 Plauto
373 1179 388 1270 [
398 1184 430 1242 in
448 1183 608 1264 Amphitr.
626 1205 653 1253 1,
673 1197 704 1262 5.
720 1176 804 1267 45]
824 1197 857 1244 et
872 1185 1027 1245 'Ferentio
1050 1178 1062 1268 [
1071 1186 1107 1243 in

58 1281 239 1345 Heautont.
256 1297 289 1363 3,
311 1305 339 1346 ι.
357 1276 426 1369 im]
450 1283 631 1346 familiaria:
657 1275 782 1374 luciscit
797 1285 857 1345 hoc
871 1286 946 1348 iam.
980 1284 1106 1347 Plinius

57 1383 120 1446 lib.
139 1400 172 1446 α.
196 1379 243 1471 [c.
268 1380 320 1473 r.]
341 1406 381 1447 ex
403 1385 506 1447 Mela:
534 1386 694 1477 Mundum
714 1397 746 1446 et
767 1387 841 1455 doc,
864 1384 952 1469 quod
965 1386 1029 1447 alio
1050 1404 1107 1447 no·

59 1486 145 1547 mirra
175 1485 294 1546 coelum
326 1487 489 1567 appellare
515 1486 617 1551 tibuit.
659 1505 838 1548 acuor'rve.
866 1548 879 1579 φ
908 1488 1037 1550 Veteres
1067 1490 1102 1548 in
1180 1501 1185 1510 '

58 1587 191 1656 multia,
219 1606 306 1668 quae·
322 1589 492 1669 putabant,
526 1591 579 1650 vel
601 1609 668 1649 non
690 1588 749 1650 elle
773 1586 840 1649 lartio
859 1589 1013 1669 ermello,
1049 1589 1103 1650 rel

56 1691 158 1751 etiam
175 1691 312 1771 exprimi
336 1710 402 1750 non
424 1691 527 1773 pollo,
555 1690 644 1772 saepe
664 1689 804 1751 solebant
819 1691 869 1749 uti
891 1691 949 1751 hac
969 1692 1103 1762 ratione,

58 1804 98 1851 ut
117 1803 277 1871 ponerent
298 1792 447 1852 voculam
470 1792 545 1853 Hoc
566 1795 706 1853 maxime
723 1793 756 1851 in
779 1793 1102 1876 compageuniverli.

59 1882 201 1953 ut'clare
224 1890 329 1953 scribit
356 1892 470 1955 Cicero
493 1914 534 1955 ex
555 1893 699 1956 Platonio
722 1894 868 1954 'l'imaeo
897 1927 945 1941 --
998 1892 1104 1954 Habet
1149 1976 1155 1985 ι

59 1994 160 2078 igitur
177 1993 261 2053 Mela
276 2014 315 2055 ex
325 1996 574 2075 antiquioribus,
600 2006 696 2076 prout
709 1996 877 2077 praecipue
889 1993 935 2059 est
948 1990 1105 2085 spagmeu·

60 2109 133 2156 tum
156 2096 256 2155 Ennii
280 2091 351 2182 [ap.
375 2098 567 2158 Ciceronem
592 2099 632 2157 de
654 2098 840 2157 nat.'Deor.
859 2111 890 2164 2,
912 2108 946 2157 α’.
969 2110 1003 2157 et
1021 2089 1102 2182 25]

59 2197 137 2260 Hoc
149 2186 286 2286 sublime
307 2197 461 2267 candens,
487 2213 519 2259 et
533 2199 656 2259 adludit
676 2199 715 2258 ad
732 2196 899 2258 Platonem
921 2210 954 2259 et
976 2200 1104 2259 Cicero·
1128 2192 1131 2197 ’

60 2319 151 2360 nem.
174 2331 226 2344 —
269 2299 354 2358 Hinc
378 2283 553 2359 sumserunt
581 2299 724 2368 Comici,
757 2301 812 2379 qui
843 2300 955 2358 dicunt
979 2301 1041 2358 luci
1058 2300 1103 2360 cit

63 2400 126 2459 hoc
139 2400 213 2461 iam.
232 2432 281 2446 -
315 2401 460 2460 Imitatus
474 2400 518 2462 est
531 2404 648 2462 Seneca
663 2402 696 2459 in
712 2400 801 2480 epist.
814 2411 873 2478 95.
891 2398 992 2461 Omne
1007 2402 1104 2469 Hoc,
1176 2452 1179 2457 .

62 2499 152 2584 quod
180 2499 285 2570 vides,
319 2521 382 2583 quo
412 2502 525 2562 divina
552 2514 648 2582 atque
672 2503 814 2561 lurrrrana
840 2491 1103 2590 conclusasrrut,

60 2624 159 2664 unum
176 2601 231 2693 ss·
271 2621 456 2674 onanvrve.
490 2622 514 2665 1.
533 2620 734 2664 onouorrva
755 2615 790 2662 et
814 2620 913 2662 aura.
940 2620 1105 2661 nvnnru·

61 2723 128 2766 uve
149 2704 249 2766 MSS.
304 2703 418 2766 Forsan
435 2725 494 2766 nec
513 2704 599 2764 Mela
620 2704 724 2766 noller
744 2722 832 2765 nuuc
852 2704 1024 2763 immernor
1046 2701 1107 2764 fuit

61 2810 133 2869 eiua
154 2804 328 2866 Pacuviani
350 2808 433 2886 apud
458 2808 588 2866 Varron.
617 2806 672 2867 lib.
693 2816 728 2884 4.
754 2806 790 2866 L.
809 2804 846 2865 L.
871 2798 920 2889 [ο.
943 2798 997 2888 5.]
1032 2806 1107 2866 Ηοι
1138 2866 1141 2885 ‚
1190 2854 1195 2863 ,

60 2907 140 2969 vide
168 2908 283 2966 circum
304 2898 483 2997 supraque.
516 2905 603 2988 quod
625 2909 789 2986 complexu
812 2907 953 2965 continet
974 2919 1103 2969 terram.

62 3009 183 3091 Vtique
204 3009 341 3091 Scaliger
360 3009 420 3070 tale
444 3009 521 3089 quid
551 3008 749 3069 conliderane
779 3008 909 3067 videtur
935 3007 1038 3089 legille
1061 3009 1106 3070 ita

62 3110 267 3173 Naeuianum
282 3111 361 3170 illud
377 3113 410 3170 in
428 3112 566 3171 Varrone
582 3111 637 3171 lib.
653 3112 685 3172 6.
704 3110 741 3169 L.
762 3109 797 3168 L.
819 3104 867 3193 [c.
886 3100 939 3192 2.]
963 3108 1037 3168 Hoc
1052 3107 1108 3171 uir·

62 3212 179 3274 aethra
198 3213 322 3272 coerula
341 3207 463 3298 [vulgo
486 3209 541 3271 uba·
563 3204 807 3294 terraroerrrlo]
823 3201 952 3299 septum
962 3206 1036 3297 flat
1054 3213 1107 3271 de·

63 3307 299 3404 mijpdaerr'um.
353 3314 443 3374 Vnde
463 3332 522 3373 nec
544 3312 731 3393 posteriores
752 3325 805 3373 ant
827 3310 969 3391 aequalea
993 3309 1106 3374 ornile·

63 3431 153 3477 runt.
192 3414 309 3477 Seneca
326 3415 412 3494 epist.
432 3434 453 3493 9
460 3426 492 3490 5.
512 3413 613 3473 Omne
631 3412 690 3474 hoc
705 3447 755 3461 -
793 3413 884 3473 Vnde
900 3409 999 3474 ferme
1015 3432 1108 3495 appa·

64 3531 131 3586 ret,
163 3519 248 3598 quod
273 3519 416 3577 Stoicum
439 3530 521 3583 erat,
545 3536 560 3574 a
582 3517 764 3596 Pomponio
779 3514 900 3575 traduci
916 3515 954 3573 ad
971 3514 1132 3598 Geograu

64 3620 196 3702 phiam;
223 3618 366 3698 procedit
381 3619 469 3678 enirn
491 3617 567 3677 inde
582 3615 794 3697 Philosophus
816 3616 945 3683 adalia,
971 3627 1004 3675 et
1024 3615 1109 3696 iploa

64 3714 268 3802 potillrmuru
288 3720 445 3787 homiues.
471 3734 505 3777 ut
527 3733 642 3799 pateat,
666 3737 721 3778 eoa
741 3730 893 3802 cognatos
915 3715 975 3778 effe
997 3720 1110 3780 celeria
1174 3726 1180 3738 ’

67 3824 181 3884 rebua:
209 3818 336 3887 italane
352 3834 459 3881 actum
480 3818 543 3880 fuit
564 3822 597 3879 in
618 3820 773 3901 pluribus.
825 3818 886 3879 Sed
904 3815 977 3879 scias
996 3820 1112 3899 princi·

69 3927 164 4007 pium
181 3935 288 3983 totum
304 3921 364 3984 elle
377 3922 552 3982 Graecum:
583 3924 668 3982 unde
685 3922 798 3982 Suidas
815 3918 863 3997 [h.
880 3923 930 4000 ιη]
953 3911 1110 4008 Σὺμπαν,

67 4020 90 4090 ὃ
102 4020 244 4114 λέγομεν
266 4016 403 4110 κόσμον·
431 4020 470 4086 τὸ
491 4012 624 4109 σύμπαν
644 4016 739 4093 τὸὃε;
761 4034 799 4082 ut
814 4021 921 4080 mirari
938 4040 1003 4079 non
1019 4041 1114 4102 opor·

67 4141 151 4198 teat,
178 4125 323 4209 placuill'e
339 4127 434 4186 etiam
452 4125 601 4191 Lucretio
618 4137 653 4204 5,
673 4137 757 4206 319.
783 4122 932 4206 Denique
947 4121 1114 4184 tamtum

119 4244 220 4320 Pomp.
236 4228 331 4299 Mela·
354 4242 470 4316 Exrgrt.
484 4241 527 4299 L.
541 4241 565 4297 Ι.
828 4222 857 4287 Β
975 4272 987 4285 2

1191 460 1194 467 '
1204 463 1221 495 S
