2634 4716
121 344 127 361 ⁸
230 385 711 446 ravennianum.
755 389 847 447 cn.
890 388 970 463 tn.
1082 390 1125 465 7'1'

112 580 162 623 tva
181 560 260 623 Ma.
307 559 435 643 Nempe
458 520 503 622 ¹err
530 560 743 645 superioribua
769 563 833 626 illic
855 562 992 648 intelligi
1014 558 1121 634 debet.

113 662 221 731 sinon
240 675 347 746 aperte
363 663 418 727 lat'e
436 659 610 753 praecessit.
1023 655 1026 661 ’

112 820 115 831 '
156 808 396 931 Caspiani)
446 833 516 897 Hos
537 848 570 901 et
584 832 714 919 Caspiae
730 835 863 899 eoadem
881 846 996 917 putant
1009 832 1122 895 Vadit·
1233 842 1236 849 '

112 951 160 1005 re.
187 932 353 1015 Oporsnue
372 948 405 1003 et
426 930 579 1017 Kappiue.
631 939 720 999 Tum
741 956 819 1001 vero
839 935 992 1018 Caspium
1016 932 1121 996 sinum

112 1035 207 1116 ·oprie
229 1035 327 1106 dixit,
359 1037 400 1098 tle
421 1035 524 1117 Caspii
546 1038 640 1099 marie
665 1052 770 1120 parte.
799 1039 838 1101 ad
860 1057 958 1128 quem
983 1051 1015 1116 5.
1031 1047 1065 1113 5.
1081 1045 1119 1114 4.

112 1133 209 1217 aspiua
227 1138 330 1217 ponit,
356 1150 392 1208 nt
408 1137 447 1198 ad
464 1138 650 1218 Hyrcanum
668 1154 700 1201 et
715 1136 901 1219 Scythicum
925 1140 1014 1208 alios,
1039 1155 1121 1219 quoa
1246 1173 1250 1181 ·

112 1235 216 1299 orsum
241 1237 293 1309 hic
319 1253 491 1309 memorat,
525 1241 581 1311 etii
604 1242 657 1305 vel
688 1241 727 1323 stc
754 1242 892 1305 Albanos
917 1240 1033 1303 omisit.
1084 1237 1120 1300 st

112 1358 186 1402 meu
214 1338 266 1401 hic
293 1339 396 1402 latiori
419 1339 508 1410 sensu
536 1341 685 1423 Caspium
708 1341 811 1412 stntuu
839 1341 945 1431 posuit
967 1360 1023 1423 pro
1047 1352 1119 1401 toto

112 1440 175 1508 tri.
201 1440 290 1522 qood
312 1457 446 1512 vocant.
473 1457 509 1507 ut
525 1445 649 1507 Plinius
668 1461 699 1514 a,
721 1445 780 1521 68.
804 1464 879 1510 cum
898 1444 1035 1505 hicnon
1053 1455 1120 1507 tam

112 1543 248 1627 gionum
275 1555 308 1604 et
333 1544 478 1606 locorum
504 1561 608 1629 partae
634 1543 852 1627 persequatur,
888 1562 985 1628 quam
1010 1544 1120 1625 potina
1194 1564 1197 1569 ’

112 1645 261 1707 mmatim
283 1645 336 1706 illa
356 1646 600 1727 complectatur,
627 1661 696 1713 tutu
711 1647 813 1716 verbo
827 1648 963 1726 cingunt
986 1643 1119 1725 amplio-

112 1765 146 1807 m
167 1744 325 1813 ambitum
349 1748 486 1818 indicet.
521 1749 665 1830 Caspiani
688 1750 840 1818 ridentur
865 1746 926 1815 effe
947 1744 1118 1827 Caspianae

112 1860 206 1919 mitt.
239 1867 315 1936 quae
336 1850 430 1915 etita
452 1866 545 1919 vocat
566 1851 690 1919 Plinius
707 1853 741 1923 6.
763 1864 819 1926 ι5.
834 1847 855 1917 l.
880 1862 937 1927 ιε.
961 1860 994 1910 et
1012 1844 1118 1908 noster

112 1947 147 2011 ‚a
165 1949 235 2010 aliis
255 1953 288 2009 in
308 1950 371 2011 hoc
393 1965 493 2018 tractu
518 1954 706 2041 interponit.
764 1953 818 2020 Sic
838 1947 985 2033 Caspiani
1010 1966 1119 2010 occur·

112 2063 153 2111 ut
172 2051 206 2115 iu
233 2050 346 2112 Curtio
368 2062 403 2132 4,
433 2069 487 2123 ta,
510 2072 546 2133 9.
577 2070 611 2122 et
632 2042 841 2135 quidampro
868 2051 1026 2130 Captiani
1048 2065 1117 2109 uon

112 2170 197 2217 mere
219 2149 409 2217 substituunt
427 2155 461 2223 in
479 2154 616 2237 Nepotis
633 2157 705 2216 Dat.
722 2168 755 2234 8,
774 2168 808 2217 a.
847 2151 955 2236 ipsum
977 2150 1119 2234 regionia
1147 2142 1151 2151 ’

112 2268 213 2317 tutum
243 2248 434 2341 Κασπιανῇν
454 2257 592 2329 1ιιίιίειιιι
620 2274 736 2329 vocare
757 2254 870 2329 Strabo
895 2275 950 2316 ιι.
974 2272 1007 2335 p.
1030 2249 1116 2330 346.

118 2365 204 2443 ⁵022
244 2352 297 2428 cfr
320 2357 391 2427 Vol·
413 2378 446 2427 1..

158 2522 195 2585 U
197 2523 284 2586 stra
290 2524 309 2607 )
358 2524 396 2586 ln
415 2523 560 2589 occasum
576 2538 609 2591 et
627 2523 901 2608 septemtrionem.
927 2536 1115 2589 raumara.

112 2622 190 2688 usna
220 2626 409 2693 Sarmatiam
435 2628 609 2690 Asiaticam.
644 2646 826 2719 oroaraas.
882 2626 946 2689 Hic
978 2642 1048 2686 nou
1076 2619 1122 2713 ad

112 2729 338 2809 ptemtrionem
358 2727 450 2810 supra
470 2727 647 2811 Caspianoa,
671 2726 963 2796 declarantur-‘litae
983 2725 1117 2788 Amazo·
1196 2786 1202 2797 ,

112 2848 143 2901 ει,
172 2826 222 2890 sed
239 2830 276 2897 ad
291 2832 492 2898 occidentem
508 2814 543 2891 in
558 2832 670 2895 eadem
687 2826 752 2893 fere
767 2830 850 2892 linea
866 2827 1115 2912 progrediendo.

112 2948 161 2993 tm
182 2930 241 2991 hae
263 2928 334 2991 sunt
356 2932 550 3002 Amazones,
585 2951 652 2992 non
675 2932 746 2998 illae
762 2932 799 2997 in
813 2930 1011 3013 Cappadocia
1028 2925 1117 2989 habi·

112 3032 196 3100 ntea,
225 3028 276 3092 sed
300 3033 333 3094 in
359 3031 602 3114 septemtrione,
628 3052 712 3114 quae
729 3030 873 3097 a'Psiuio
886 3032 920 3100 6ι
943 3042 997 3107 ¹3·
1014 3024 1035 3092 s.
1058 3039 1114 3105 ¹5.

130 3131 201 3214 ipso.
216 3133 302 3196 Mela
320 3147 351 3212 5.
374 3146 408 3209 5.
423 3144 458 3216 4.
490 3135 562 3196 ideo
584 3118 733 3202 dicuntur
753 3131 1116 3199 Amazones‘Sauromo·

112 3232 173 3296 des.
210 3235 363 3296 Similiter
377 3251 410 3298 et
424 3235 627 3318 Hyperborei
642 3236 753 3297 eadem
768 3234 891 3296 ratione
909 3228 1017 3293 versut
1032 3230 1117 3292 occi·

112 3349 211 3401 entem
233 3337 408 3397 tondebant
432 3337 513 3405 ultra
535 3338 726 3407 Amazonee.
756 3352 981 3402 aaatzourva.
1006 3383 1009 3387 .
1031 3330 1117 3394 Mela

112 3456 117 3496 t
139 3436 272 3499 Oriente
296 3439 407 3509 indiae
436 3440 638 3522 progreditur
658 3437 696 3499 ad
718 3435 833 3497 Nilum
858 3454 958 3517 utque
982 3433 1004 3495 i.
1027 3426 1117 3503 aad

112 3538 297 3607 uidentem,
324 3554 482 3621 quateuua
494 3560 529 3600 ea
545 3558 598 3601 ora
615 3539 781 3601 meridiem
800 3536 927 3620 spectat..
976 3533 1062 3599 Hinc
1078 3536 1118 3596 ad
1186 3602 1209 3613 ,

112 3638 257 3722 »politam
279 3642 402 3725 plagam
425 3643 546 3725 pergit,
582 3644 630 3701 uti
648 3660 728 3705 voce
743 3640 808 3700 illic
827 3640 867 3700 de
883 3638 1011 3720 Scythia
1030 3636 1120 3718 snpra

115 3744 285 3808 dicaverat.
317 3742 423 3828 igitur·
433 3756 510 3807 utro
524 3746 624 3805 tnodu
640 3757 670 3803 te
688 3756 801 3811 vertas,
824 3740 955 3811 habebis
969 3739 1020 3801 hic
1039 3739 1120 3801 occi·

112 3858 223 3915 tutem,
245 3858 399 3930 quatenus
417 3845 489 3907 eiua
504 3845 585 3909 latua
602 3842 862 3927 septemtrionem
878 3843 994 3929 vergit.

154 4013 404 4103 Amazones)
458 4014 545 4098 Quae
571 4028 603 4093 3,
627 4027 664 4091 5²
681 4020 717 4093 4.
745 4008 1120 4087 νοωὶ,8αιινωηαιίδαε,

112 4116 141 4182 ai
162 4117 253 4204 plura
268 4120 308 4180 de
328 4118 378 4189 iia,
402 4128 442 4180 ut
457 4117 497 4181 dt
511 4115 722 4201 Hyperboreis
736 4115 776 4181 ad
792 4128 826 4199 5,
842 4124 877 4197 5.
898 4134 929 4178 ι.
