2634 4716
129 416 197 487 μοι
402 402 564 467 uonna
605 402 908 463 uxuonurcuu
937 490 941 497 .

130 583 209 647 uiua
224 581 265 648 ad
280 580 393 668 virgil.
408 579 489 646 aen.
504 590 540 661 4.
558 586 646 661 5451
668 577 852 663 Apollinem
873 577 909 639 iu
930 574 1087 657 Grynaeo
1109 571 1179 636 tnw

57 696 62 709 ’
130 703 235 769 prope
250 683 460 747 Clazomenae
472 683 596 745 cuiturn
608 677 709 751 fuiffe,
730 677 1016 741 indicatHoratiua
1028 678 1176 740 sermon.

136 807 168 857 1,
193 801 227 864 7.
254 797 288 864 5.
340 785 433 847 Idem
454 802 542 846 error
563 785 708 845 manavit
728 782 767 843 ad
781 794 925 843 auctores
945 778 1018 843 hist.
1036 772 1179 839 unirent

27 948 38 957 .
131 887 231 952 Tum.
249 888 338 968 6.·p.
356 900 442 965 229.
494 885 539 947 At
563 881 661 947 refert
680 883 794 946 strabo
813 893 870 961 14.
892 901 925 963 p.
940 889 1030 960 444
1054 877 1178 963 4645.

132 987 297 1073 pristinam
322 984 429 1048 iuriam
454 982 544 1050 fuiffe
569 988 605 1048 in
626 987 717 1057 locu,
750 1003 848 1068 quern
878 982 1176 1064 Chytriumuocrt.

133 1090 228 1155 Idem
251 1087 362 1151 etalii
384 1089 537 1160 innuunt,
571 1087 626 1150 etsr
653 1099 779 1151 mutato
801 1085 917 1148 leviter
939 1085 1100 1153 nomine.
1131 1079 1179 1142 uti

50 1224 57 1233 ·
133 1193 253 1255 ‹iocaut
273 1188 313 1251 ad
332 1189 524 1253 Strabonem
539 1188 742 1253 Caiaubouua
761 1200 793 1250 et
808 1186 992 1259 Pauaeliua,
1017 1184 1075 1246 hic
1087 1184 1130 1246 T.
1145 1196 1178 1259 3.

131 1310 204 1375 pag.
226 1301 334 1369 1892.
357 1311 397 1354 ex
416 1291 517 1374 priori
536 1294 679 1374 quidem.
730 1292 862 1353 Secutae
885 1300 996 1350 taruen
1010 1284 1087 1349 suut
1103 1286 1180 1348 aliae

131 1393 338 1457 mutationes.
366 1390 493 1475 Nempe
507 1393 630 1456 incolae
638 1391 804 1455 Persarum
818 1404 909 1453 metu
924 1390 1030 1451 territi
1046 1389 1083 1450 in
1097 1385 1179 1451 iuiu-

129 1492 198 1556 lam
216 1492 354 1574 aliquam
376 1492 579 1566 [acefferuut.
600 1490 750 1574 (Pausan.
767 1509 800 1566 7.
818 1504 850 1570 3.
868 1495 923 1570 5.)
956 1492 991 1552 iu
1015 1511 1084 1573 qna
1105 1486 1181 1553 beili

132 1593 397 1679 Pelopopuesraci
415 1606 561 1677 tompore
582 1593 690 1667 fuiffe,
716 1615 756 1657 ex
776 1592 968 1674 Thucydide
986 1601 1021 1669 8,
1050 1590 1178 1673 14111·

131 1708 232 1779 paret.
271 1694 356 1758 Cum
372 1695 552 1757 continenti
568 1715 639 1758 eam
659 1698 856 1780 coniungere
872 1714 986 1778 aggere
1005 1691 1094 1756 facto
1112 1706 1179 1755 teu·

108 1861 110 1864 ,
129 1798 213 1861 tavit
230 1796 416 1868 alexander.
438 1794 622 1874 (Pausaniaa
637 1816 665 1860 c.
679 1796 722 1874 l.)
746 1797 834 1879 quod
852 1810 885 1859 et
898 1793 1022 1857 factum
1037 1795 1176 1865 videtur.

53 1980 55 1984 Α
130 1901 206 1983 quia
220 1911 364 1961 auctores
377 1898 412 1962 iu
425 1899 606 1961 continenti
626 1913 767 1985 ponunt.
816 1898 909 1984 Quae
921 1896 1060 1980 quidem
1079 1896 1176 1979 expli·

129 2002 194 2064 cari
213 2000 334 2062 debent
350 2018 390 2063 ex
407 1998 575 2065 straboni·
595 2002 777 2064 narratione
796 1999 838 2063 da
861 1997 960 2082 prisca
979 1998 1072 2061 urbia
1094 1997 1174 2069 sede,

128 2116 166 2167 et
185 2102 253 2165 fitia
272 2114 346 2164 aute
367 2098 576 2165 Clazomenae
598 2113 622 2181 8
641 2102 778 2173 minutia
804 2097 932 2172 insufla,
964 2119 1065 2183 quam
1093 2100 1174 2163 beno

115 2200 427 2267 .adiuvat1’ococke
444 2204 486 2265 T.
502 2216 535 2284 5.
552 2224 585 2287 p.
601 2224 647 2266 m.
667 2214 715 2283 59
733 2201 775 2286 tq.
822 2203 960 2265 Portum
974 2201 1067 2263 urbia
1089 2221 1174 2265 curn·

128 2318 288 2369 memorat
307 2305 420 2384 Scylax
434 2325 462 2369 c.
478 2304 500 2369 i.
522 2318 558 2368 et
578 2320 634 2369 ra.
655 2305 765 2368 ioniae
782 2302 914 2365 urbibus
930 2305 965 2364 in
981 2303 1089 2382 Lydia
1109 2304 1175 2387 qui·

6 2466 10 2476 .
128 2408 234 2480 dom.
252 2409 293 2468 de
314 2424 378 2488 quo
402 2404 506 2489 [upra.
535 2407 724 2469 adnumerat
747 2425 822 2468 cum
842 2405 913 2468 aliia
932 2404 1126 2469 Herodotua
1143 2425 1172 2478 1.

25 2542 28 2547 ·
133 2499 425 2590 1446114178.
468 2508 561 2570 Victo
592 2507 754 2570 Antiocho
780 2525 915 2592 magno.
950 2508 1062 2586 Syriae
1086 2528 1173 2593 rege.

69 2672 73 2683 ,
126 2609 371 2673 immunitatem
390 2606 506 2674 iucoiia
525 2608 744 2673 conceffarunt
763 2609 902 2672 Romani
923 2622 958 2670 et
973 2609 1174 2688 Drymuiaru

125 2709 278 2781 infulam,
304 2707 399 2792 (Liv.
416 2718 474 2788 38.
498 2722 557 2791 59,
579 2709 637 2795 9.)
670 2730 764 2792 quarn
792 2710 891 2772 hodie
922 2706 1024 2772 Turci
1054 2723 1176 2774 vocant

128 2811 266 2875 Kiusliu.
289 2807 461 2894 (Pococke
475 2812 516 2874 Τ.
528 2826 561 2889 3.
578 2833 609 2894 p.
628 2831 671 2873 m.
689 2807 769 2894 61.)
790 2810 864 2874 Post
882 2811 1041 2896 unguitur
1059 2813 1174 2875 iniinu·

97 2954 102 2961 ·
125 2913 202 2976 raffe
225 2925 280 2995 aut
302 2911 418 2974 auxilie
440 2912 583 2983 videtur,
615 2916 688 2993 quin
707 2932 839 2998 κτιστης
860 2914 895 2974 iu
915 2913 1024 2974 numia
1042 2916 1175 2994 quibua·

126 3017 201 3080 ‹iam
213 3003 358 3077 ¹vocatur.
374 3012 515 3092 (Eckhei
530 3016 565 3075 iu
577 3011 679 3078 doctr.
688 3034 778 3077 num.
792 3016 830 3077 P.
845 3035 875 3077 1.
890 3015 964 3077 Vol.
975 3028 1009 3079 u.
1025 3036 1058 3097 p.
1071 3020 1175 3096 510.)

56 3129 59 3140 '
124 3118 219 3182 Tulit
234 3117 351 3179 clarum
368 3115 474 3177 civem
487 3116 715 3200 Anaxagoram,
736 3115 912 3198 phyfienm.
938 3115 1071 3192 (Strabo
1089 3138 1117 3182 c.
1133 3120 1174 3200 i.)

124 3220 166 3284 iu
188 3221 323 3283 nornine
344 3217 502 3280 hodierno
523 3220 673 3281 variatur.
701 3220 844 3301 'Dapper
864 3216 979 3295 (tuen
1001 3239 1034 3301 p.
1062 3218 1174 3301 262.)

58 3304 63 3321 '
125 3342 166 3386 ax
197 3318 428 3383 recentioribus
451 3316 554 3381 auten
581 3319 693 3390 curu.
726 3318 842 3391 raro.
874 3318 1050 3382 neumae.
1106 3323 1173 3387 Pro

129 3422 258 3487 Vouriu
275 3418 357 3506 (fic)
380 3433 489 3482 tamen
509 3431 632 3506 pugnat
648 3419 797 3487 Pocockn
811 3422 853 3484 T.
870 3434 903 3501 5.
918 3441 952 3503 p.
965 3440 1010 3484 m.
1021 3434 1084 3501 59.
1113 3425 1173 3487 ubi

123 3525 217 3609 plura
239 3522 280 3584 da
296 3523 356 3584 [itu
373 3520 462 3584 urbia
482 3521 642 3607 leguntur.
683 3522 791 3585 Hodie
815 3524 849 3585 in
874 3522 978 3584 ruinia
1000 3525 1105 3597 iacet,
1138 3539 1173 3589 et

124 3645 225 3716 pauca
240 3624 355 3688 rudera
376 3623 504 3686 invenit
517 3623 688 3694 Chandlet,
715 3621 807 3687 Reiia
828 3643 861 3707 p.
876 3636 957 3703 123.
1008 3625 1111 3690 Plura
1129 3629 1173 3692 de

125 3727 205 3794 urbe
228 3726 280 3790 iila
301 3725 425 3788 dabunt
447 3724 577 3787 Moreiii
598 3725 632 3787 in
651 3721 777 3808 specim.
793 3728 841 3786 rei
863 3745 954 3790 nuru.
970 3746 1002 3808 p.
1021 3741 1111 3792 not.
1137 3744 1173 3793 et

25 3825 27 3829 ⁴
124 3830 305 3897 Boudoriua
317 3829 359 3891 T.
380 3848 410 3889 ι.
432 3824 582 3889 numism.
598 3847 632 3908 p.
654 3839 735 3907 235.
787 3824 941 3891 Ceterum
957 3827 1045 3890 huuc
1060 3829 1172 3896 Melae

126 3934 169 3996 de
184 3933 347 4012 utriusque
368 3927 456 3991 urbia
478 3927 536 3989 inu
558 3927 667 3991 locum
679 3926 792 3992 Strabo
811 3936 868 4008 14.
889 3948 923 4011 p.
938 3936 1026 4012 443.
1043 3927 1172 4015 [644.

123 4038 169 4101 ita
183 4029 346 4096 inruunt:
370 4026 413 4096 τό
428 4019 534 4096 νότιον
549 4026 610 4095 rai
630 4025 751 4121 ἰσθμοῦ
771 4022 912 4125 πλευρδν
926 4024 1045 4121 ἔχουσι
1060 4029 1171 4127 Taji'or,

125 4131 169 4206 aa*
191 4130 227 4201 δὲ
245 4126 429 4227 τρόσβορον
449 4124 679 4226 Κλαζομένιοι.
