2634 4716
197 420 250 481 nt
276 419 416 481 roua.
446 418 557 480 unc.
598 420 634 478 r.
656 422 679 475 r.
722 419 755 478 c.
778 418 845 510 uc
870 420 896 490 a.
920 439 952 474 ι.
1031 426 1092 492 232

131 595 174 661 N
183 597 196 657 i
207 594 220 657 l
232 615 253 656 u
264 595 311 678 s)
360 593 516 661 Hebraeis
540 594 723 680 [impliciter
741 614 781 679 ex
803 595 1028 655 adiuncturum
1048 593 1096 652 in·

56 700 144 767 arao
164 687 264 783 naq,
287 694 712 784 (oener.4.‚1rqq.-)
737 696 816 756 nem
842 693 975 790 ray-ug
1002 694 1096 791 aar.
1185 674 1192 701 ¹

51 800 163 889 (Gen.
183 786 245 877 15}
252 796 339 882 ¹18.)
365 799 414 858 uti
427 815 536 861 contra
553 801 632 861 alios
653 799 774 858 evincit
791 798 889 860 Faber
905 800 941 860 ad
957 795 1097 859 librum:

55 898 334 985 Bcobaclrtungen
359 898 441 962 iiber
460 904 523 964 den
549 901 664 965 Oricnt
687 901 729 961 T.
756 917 787 960 o.
817 920 850 983 p.
877 910 961 980 aaa.
999 915 1096 981 porro

55 991 165 1096 'iiiiii
191 1003 324 1082 (leram.
344 1017 377 1072 u,
399 1014 454 1080 tss.
482 1002 539 1065 lei.
558 1016 615 1080 23,
633 1014 666 1079 5.
690 1000 747 1062 ubi
768 1002 877 1082 p'aullo
900 1001 968 1084 post
988 993 1098 1085 ἾἹΝἹ)

55 1074 143 1189 *im
169 1102 253 1186 quast
276 1099 351 1167 κατ’
373 1089 495 1189 {favia
518 1104 653 1174 fluvida,
679 1117 717 1163 ut
739 1101 869 1173 Araxes,
895 1104 1015 1182 Cyrus.
1042 1089 1099 1161 ubl
1184 1180 1189 1189 .

58 1210 97 1271 iu
114 1206 247 1291 ragione
262 1220 317 1269 aut
332 1224 415 1267 unua
430 1205 489 1276 alt,
522 1219 577 1268 aut
590 1218 673 1266 corte
692 1203 746 1264 illc
762 1205 893 1287 ingena,
920 1207 967 1266 uti
982 1207 1103 1269 volunt

57 1309 225 1375 lietardus
250 1306 284 1368 iu
309 1305 477 1369 Palaestina
502 1329 529 1379 ι,
553 1318 613 1389 43.
635 1308 680 1367 io.
722 1304 870 1368 Bochart.
900 1309 934 1368 ln
969 1309 1101 1373 Hieron.

58 1431 95 1495 p.
113 1408 198 1490 764.
230 1408 362 1469 Drui'rua
383 1408 422 1468 ad
437 1407 549 1470 Genel.
572 1419 626 1485 ¹5·
646 1392 702 1484 1⁸3.
728 1404 798 1468 latia
818 1405 970 1470 refutavit
992 1409 1101 1477 Faber,

60 1528 139 1576 cum
159 1492 238 1580 ⁸70)
264 1508 305 1570 dc
328 1519 468 1571 torrente
492 1512 630 1572 dicatur:
672 1495 723 1569 Ex
743 1508 877 1570 l'aradili
893 1509 1104 1593 descriptione

62 1608 178 1676 carrel.
199 1625 232 1682 a.
261 1630 299 1670 tt
322 1609 384 1691 sqq.
411 1611 475 1672 huc
496 1611 690 1672 arceliuntur
711 1603 852 1681 Φεισὼν,
878 1611 1023 1689 (Chron.
1047 1613 1107 1675 Pa·
1219 1640 1230 1670 t

63 1708 166 1777 [clue
179 1734 213 1796 p.
233 1728 290 1792 29.
308 1712 359 1775 ad.
375 1711 477 1790 Van.)
504 1712 592 1775 Genu
615 1711 803 1789 (Boccatiut
826 1712 866 1775 tle
886 1713 1013 1777 flumin.
1028 1713 1050 1777 i.
1070 1736 1103 1779 v.

60 1810 180 1886 Nilut.
205 1825 239 1876 at
254 1812 334 1876 olim
350 1813 595 1894 Hieronymut)
621 1813 707 1896 quod
724 1815 867 1898 coarguit
880 1811 970 1878 facile
987 1815 1106 1878 Ludol·

61 1914 116 1979 lua
132 1916 167 1977 iu
186 1928 362 1978 comment.
379 1913 448 1978 hili.
464 1916 617 1997 Aethiop.
638 1935 667 1984 r.
685 1915 744 1991 56.
761 1929 794 1977 a.
819 1936 852 1997 p.
869 1926 959 2001 119.
995 1917 1107 1980 Ahar.
1173 1960 1176 1971 .

63 2016 152 2080 baria
166 2016 350 2079 auctoribua
364 2014 475 2079 uirtute
493 2017 587 2079 Nilua
605 2029 753 2086 vocatur,
784 2015 839 2076 'etit
856 2018 1032 2100 antiquiora
1054 2020 1107 2081 ad·

62 2117 323 2183 ferunturatiam
344 2121 492 2186 uomina.
523 2120 556 2179 in
579 2118 695 2200 quibua
716 2118 800 2198 apud
824 2113 966 2198 spurium
989 2122 1109 2182 Plutar-

65 2221 165 2284 chum
183 2219 224 2281 da
239 2218 367 2282 flumin.
390 2218 465 2281 lunt
480 2218 605 2290 Melas,
630 2217 697 2299 poll
712 2222 885 2298 Aegyptus.
924 2220 986 2281 Pro
1005 2220 1112 2283 aretas

65 2321 178 2389 fellu·
191 2320 225 2385 h.
241 2340 274 2381 v.
296 2321 477 2399 symmach.
496 2321 582 2402 epill.
600 2339 629 2389 t,
647 2329 681 2396 8.
697 2317 796 2380 Melo.
830 2316 1014 2381 Secundum
1031 2323 1111 2384 Dio·

66 2424 142 2487 dor.
160 2443 191 2492 t.
213 2438 268 2500 19.
292 2423 467 2504 antiquitus
481 2422 584 2483 dictus
601 2413 750 2506 'stara'uy
764 2420 786 2481 i.
802 2436 829 2478 e.
848 2418 974 2482 Graecia
990 2418 1112 2486 'littra-

69 2519 126 2601 νὸς
133 2568 143 2597 .
170 2522 240 2608 poll
259 2517 367 2598 ’Δετὸς
381 2524 419 2585 ab
436 2524 579 2605 impetu,
605 2522 735 2582 tandem
751 2516 894 2593 Niliaca
912 2543 985 2606 rege
1002 2523 1111 2595 Nileo.

67 2627 120 2690 uti
144 2624 240 2686 tradit
260 2642 291 2697 ι.
306 2624 361 2688 6.·
381 2624 454 2687 vid.
478 2622 518 2686 ad
537 2625 676 2707 priorem
698 2622 822 2691 locum,
846 2642 927 2704 quac
947 2625 1114 2689 adnotavit

67 2724 256 2812 Welialing.
292 2726 333 2789 lu
349 2726 489 2789 aliit'alia
504 2726 637 2787 nomina
653 2738 881 2795 memorantur,
905 2726 1006 2788 veluti
1025 2727 1113 2800 Siris.

69 2832 245 2911 Aegyptus,
273 2826 384 2890 Triton
401 2829 435 2888 iu
449 2827 557 2889 Plinio
576 2838 608 2903 5.
629 2822 717 2892 tt.l.
728 2844 763 2904 9.
786 2824 843 2888 ubi
860 2824 899 2889 ci.
918 2829 1114 2894 Harduluut.

71 2930 155 2995 St'rt‘r
176 2930 293 3017 legitur
312 2928 409 2991 etiam
424 2929 509 3014 apud
524 2928 603 2990 alioa
623 2940 657 2990 at
671 2946 688 2988 a
704 2926 798 2989 sihor
818 2928 997 3002 derivatum
1030 2944 1115 2995 carto

70 3030 303 3115 Aethiopicum
317 3048 440 3093 nomen
460 3031 578 3093 dicitur
593 3050 610 3090 a
625 3025 759 3107 Dionys.
778 3048 812 3090 v.
831 3033 914 3112 223.
942 3032 1034 3093 cuiut
1054 3033 1117 3094 ori·

23 3150 25 3159 ·
72 3136 186 3222 ginam
213 3130 366 3195 Graecam
393 3144 550 3195 monente
575 3131 621 3191 ibi
646 3128 811 3191 Eustathio
839 3141 960 3193 temere
984 3132 1116 3213 quidam

72 3253 186 3301 nuere
200 3246 372 3297 tentarunt.
413 3232 485 3295 via.
504 3228 668 3297 iablonski
683 3228 864 3292 Pantheum
879 3231 1013 3315 Aegypt.
1027 3232 1068 3296 T.
1081 3250 1124 3298 o.

72 3356 109 3423 p.
130 3345 201 3418 248
217 3332 281 3418 [qq.
333 3337 509 3418 Aegyptum
530 3337 564 3393 in
579 3332 710 3416 primia,
736 3334 883 3417 ignorato
901 3330 997 3405 Nilo.
1022 3348 1119 3411 vocat

73 3438 251 3510 Romanu,
272 3435 323 3499 uti
337 3438 564 3502 atiam'notaut
579 3433 704 3496 Pliniua
719 3452 746 3495 c.
762 3433 785 3496 l.
809 3430 942 3498 Paulrn.
952 3452 986 3515 9,
1003 3446 1063 3519 4ο,
1080 3444 1118 3519 4.

75 3538 214 3604 Diodor.
236 3558 266 3611 t.
286 3554 342 3618 ις),
359 3537 418 3617 63.
444 3536 559 3601 Strabo
581 3556 611 3599 t.
626 3557 659 3620 p.
678 3549 737 3597 20.
752 3533 775 3598 l.
791 3546 852 3614 29.
882 3532 1019 3615 Hesych.
1035 3538 1068 3601 la.
1084 3557 1119 3602 v.

76 3654 115 3704 ct
132 3658 214 3723 quaa
233 3643 274 3703 da
305 3639 371 3701 hoc
392 3635 606 3731 disseruerunt
628 3647 752 3720 praeter
771 3636 850 3699 aliua
873 3634 1063 3703 Perizoniua
1084 3632 1121 3700 lu
1199 3632 1204 3651 ¹

77 3742 198 3827 origin.
213 3742 349 3826 Aegypt.
370 3759 398 3802 c.
416 3740 439 3803 l.
463 3758 495 3822 p.
516 3755 558 3801 t2
578 3737 619 3820 lq.
648 3750 681 3799 ct
702 3739 810 3800 Freret
834 3738 869 3800 in
885 3737 1060 3803 Mamoirea
1080 3739 1122 3813 da

77 3842 263 3909 l’acadcmia
289 3875 334 3889 -
360 3842 401 3903 de
423 3840 510 3903 Paria
524 3841 595 3902 Vol.
619 3836 671 3903 16.
697 3860 730 3922 p.
750 3850 835 3919 339.
889 3838 1000 3903 Triton
1023 3842 1122 3904 rariut

79 3946 231 4009 occurrit.
283 3944 332 4005 lta
352 3955 460 4003 tamen
481 3956 616 4003 vocatur
635 3939 674 4002 ab
690 3939 865 4022 apollonto
880 3950 916 4022 4.
938 3940 1023 4022 269.
1059 3941 1122 4025 ty·

80 4048 193 4130 cupha.
209 4064 244 4108 v.
259 4065 272 4104 r
286 4062 339 4125 ¹9·
375 4043 517 4126 Quidam
531 4045 628 4105 etlam
645 4036 752 4132 Osirin
769 4042 810 4104 dc
825 4028 902 4105 Nilo
917 4044 1123 4127 explicarunt.

82 4163 122 4211 ut
136 4162 248 4212 ructor
264 4145 309 4212 etl
324 4144 511 4211 Plutarchus
531 4145 572 4208 da
594 4143 674 4208 tude
689 4163 722 4230 p.
740 4152 826 4227 435.
843 4143 895 4208 ad.
913 4142 999 4233 tnpl
1034 4149 1123 4232 quod
