2634 4716
201 418 206 427 ,
290 394 1010 467 1nronnnnr..1.1.er.tr·
1087 392 1171 477 ’ω’
1282 482 1285 488 ,

124 570 214 639 iuxta
236 567 371 628 eliorum
394 581 542 630 veterum
564 571 764 650 opinionem.
816 569 899 630 Nam
919 572 972 650 qui
993 569 1167 632 minimum

124 672 235 731 dixere
250 671 290 729 ad
307 685 437 731 centum
453 685 485 730 et
500 674 668 754 octogintav
679 675 799 755 gradus:
816 684 914 733 terrae
933 672 1078 755 cognitae
1098 674 1167 733 lou·

122 772 554 856 gitudinemextenderunt.
577 794 718 837 voeetve.
774 774 894 834 Melam
911 777 1007 834 etiam
1029 772 1091 834 hoc
1105 793 1166 839 no·

123 876 215 937 mine
230 873 470 955 reprehendunt
483 874 685 945 Ciucconiue,
712 890 744 937 et
762 874 885 938 P'ottrus
904 876 936 934 in
953 873 1163 939 animadvers.

120 976 159 1049 iu
178 974 318 1045 Eusiath.
335 974 373 1035 ad
390 974 521 1054 Dionys.
542 977 596 1036 lib.
617 996 647 1039 e.
662 997 728 1059 cap.
747 993 780 1040 2.
798 999 830 1060 p.
853 978 933 1045 167.
960 996 1072 1037 omnee
1090 974 1165 1039 fatto

122 1094 164 1139 ex
185 1077 431 1157 ntalevpercepta.
443 1076 671 1160 significatione
692 1082 781 1149 vocis
801 1077 976 1159 aliquanto.
1001 1098 1081 1158 qrree
1097 1098 1166 1140 nou
1233 1100 1241 1109 ·

123 1177 170 1238 est
186 1178 307 1256 perdiu,
335 1177 390 1239 sed
407 1177 495 1239 tmnd
512 1178 635 1258 paullo..
657 1180 765 1260 tange..
785 1179 893 1247 ntideo.
920 1181 968 1239 uti
989 1195 1102 1241 notum
1121 1179 1165 1241 est

122 1276 223 1341 hodie
245 1279 313 1360 posi
333 1281 590 1342 admonitionem
611 1283 778 1363 inprimis
799 1281 932 1342 Ernesiii
953 1283 990 1341 ad
1017 1283 1165 1342 Suetonii

120 1379 212 1442 Caes.
237 1382 389 1463 ce1x68..
446 1382 551 1464 Quare
574 1383 677 1446 noster
702 1403 726 1444 a.
741 1385 905 1446 communi
930 1380 993 1445 sere
1018 1397 1164 1443 veterum

120 1483 276 1563 opinione
301 1483 433 1544 minime
451 1484 601 1554 dissidet..
629 1504 714 1567 quae
729 1486 829 1566 dupio
854 1486 1006 1545 maiorem
1032 1481 1165 1572 faciebat
1217 1466 1222 1484 Ι

119 1583 375 1667 longitudinem.
398 1586 446 1644 uti
463 1585 664 1651 iamdictum
681 1586 733 1649 esi.
750 1652 753 1657 ,
771 1589 819 1648 sie
835 1599 965 1665 utraque
980 1586 1162 1651 extensione

121 1683 245 1755 disserit
266 1685 380 1748 Strabo
401 1705 425 1747 c.
447 1685 468 1745 l.
504 1688 558 1767 qni
583 1687 827 1772 longitudinem.
842 1688 932 1748 ducit
950 1688 987 1747 ab
1010 1689 1162 1749 extremia

118 1786 228 1849 Indiae
252 1787 370 1853 finibus
391 1788 430 1847 ad
448 1786 781 1869 Hispaniae-ultimos,
810 1776 1002 1849 uttfPttntns
1023 1805 1052 1855 e.
1082 1805 1161 1851 rte.

120 1884 244 1966 [108.
271 1888 473 1948 latitudinem
492 1888 531 1950 ab
554 1891 703 1952 extremis
721 1886 933 1972 Aethiopibus
958 1892 1004 1955 ad,
1018 1890 1160 1960 Thulen.

120 2008 141 2050 tt
164 1990 349 2052 meridiano
371 1990 434 2048 situ<
456 1993 495 2050 ed
526 1989 796 2072 septemtrionem.
850 1994 946 2053 ldem¹
968 1991 1093 2053 Plinius
1119 1991 1160 2052 de

121 2093 287 2173 utriusque
312 2090 511 2154 dimensione
532 2093 671 2175 piur'urm
693 2097 868 2174 opinioneo¹
886 2089 1045 2163 recenset.
1070 2107 1101 2154 et
1119 2111 1159 2154 ex

118 2210 159 2253 eo
176 2193 352 2265 Martianus
368 2191 494 2274 Capella
509 2194 564 2255 lib.
582 2195 621 2259 6..
632 2215 664 2276 p.
680 2215 723 2253 m.
748 2208 826 2274 193.
863 2192 914 2255 cf.
933 2196 1030 2256 etiam
1045 2194 1158 2257 Strabo

120 2293 177 2357 tib.
197 2310 231 2367 α,
253 2316 285 2377 p.
304 2310 361 2372 79.
381 2292 407 2358 s..
423 2296 509 2358 216.
537 2296 739 2357 Ptolemaeus
764 2317 792 2366 r,
819 2313 838 2367 7
858 2292 918 2375 sqq.
945 2296 1050 2356 cuine?
1056 2307 1159 2357 aetate
1210 2322 1213 2335 *

122 2394 161 2457 ab
182 2395 314 2465 Oriente
331 2396 370 2454 ad
393 2393 535 2456 occasum
556 2397 762 2457 innotuerant
791 2412 869 2474 180.
894 2397 1024 2475 gradus,
1057 2414 1157 2456 ame·
1197 2416 1200 2421 ·

118 2497 200 2557 ridie
228 2498 266 2558 ad
289 2495 549 2577 septemtrionem
578 2509 636 2575 go.
661 2511 794 2559 tantum.
850 2499 934 2559 Hmc
957 2515 1035 2557 vero
1056 2498 1158 2556 maior

116 2611 219 2661 terrae
241 2600 386 2680 cognitae
409 2597 556 2659 extensio.
572 2597 610 2659 ab
632 2601 754 2660 oriente
777 2601 812 2659 ad
835 2596 979 2659 occasum
1000 2599 1071 2658 eine
1089 2598 1159 2658 lon·

115 2701 234 2785 gitudo
255 2713 403 2769 vocatur,
430 2700 539 2760 minor
558 2720 574 2760 a
595 2701 728 2761 meridie
745 2702 784 2769 ,ad
808 2698 1069 2781 septemtrionem
1087 2700 1157 2760 eiue

116 2802 273 2872 latitudo,
304 2821 368 2862 nec
384 2801 477 2860 ducta
499 2799 546 2863 esi
565 2801 646 2875 haec·
662 2801 830 2881 adpellatio
854 2800 1041 2863 communie
1058 2800 1161 2863 hodie

115 2923 133 2967 e
156 2905 344 2966 Ptolemaeo
375 2903 531 2982 primum..
553 2916 589 2962 ut
614 2903 708 2967 docet
729 2902 893 2964 Strabonis
920 2903 1016 2968 locus.
1046 2902 1100 2963 ttb.
1123 2919 1155 2963 o.

116 3026 150 3088 p.
168 3018 226 3082 58.
248 3003 268 3067 s.
286 3016 344 3080 85.
371 3005 426 3084 qui
447 3002 528 3065 hino
546 3002 928 3088 tib.e.p.31.t.113.
954 3017 1054 3066 terrae
1074 3003 1158 3083 chla-

113 3108 222 3188 myan
242 3106 296 3166 <rat
317 3107 466 3190 figuram.
910 3090 913 3095 ’

197 3307 405 3390 arabitur)
453 3309 500 3369 ita
526 3322 560 3372 et
583 3308 690 3371 noster
710 3321 743 3388 3.
768 3318 805 3385 5.
825 3318 859 3385 8.
886 3326 928 3370 err
952 3307 1099 3370 Homero
1122 3319 1157 3369 et
1202 3384 1205 3389 Ι

115 3410 271 3491 Physicis.
324 3411 387 3473 Sed
411 3409 508 3479 nihil,
540 3410 593 3472 etti
611 3411 689 3471 olim
710 3411 868 3483 dubitavit
893 3409 1049 3473 Herodot.
1067 3418 1100 3487 4.
1119 3419 1153 3486 8.

115 3515 177 3575 hac
196 3512 350 3596 opinione
367 3511 525 3596 vulgatius
540 3512 622 3594 apud
640 3526 774 3595 veteres,
797 3531 935 3593 quomm
949 3512 1028 3582 loca.
1049 3510 1069 3569 st
1085 3510 1157 3591 quie

115 3616 199 3677 velit
219 3616 372 3696 producta
390 3611 465 3675 serie
484 3615 682 3696 perlustrare,
708 3613 810 3677 sistent
827 3612 1003 3675 Bccharum
1025 3615 1058 3672 in
1074 3611 1157 3674 Che·

115 3737 199 3779 nun
220 3737 249 3786 r.
267 3717 325 3794 56.
353 3729 386 3777 et
407 3712 563 3779 Gesnerue
585 3719 624 3778 de
648 3715 918 3778 Phoenicum-
946 3710 1158 3797 navigationi·

114 3818 178 3895 bue
202 3819 240 3879 ad
265 3818 381 3878 calcem
402 3816 525 3899 Orphei
545 3840 576 3901 p.
593 3828 665 3896 tpeo
685 3813 745 3897 sqq.
792 3816 939 3878 Primum
964 3817 996 3876 id
1017 3829 1049 3876 et
1072 3827 1157 3878 recte
1256 3888 1260 3897 1

116 3918 276 3981 tradidisse
293 3919 471 3980 Homerum
489 3920 631 3991 adfirmat
648 3918 759 3981 Strabo
782 3918 836 3978 lib.
859 3938 888 3979 r.
905 3938 937 3999 p.
959 3935 989 3977 e.
1010 3914 1031 3976 s.
1049 3929 1080 3990 3.
1106 3917 1159 3978 ad·
1250 3964 1259 3987 ,

115 4024 208 4084 tectio
227 4022 304 4081 locis
328 4041 402 4081 cum
429 4021 610 4102 quaestione
632 4021 671 4080 de
693 4020 827 4079 variavi
852 4019 940 4079 vecie
958 4015 1103 4099 Opeomtr
1123 4018 1157 4077 ‘m

114 4126 186 4191 eitte
205 4122 410 4207 ῳωίῃίὴιιο.
447 4119 499 4188 (is.
518 4137 551 4186 et
573 4120 859 4223 &humdred-in
876 4119 995 4207 Geogr.
1021 4118 1159 4181 Homeri
