2634 4716
105 394 171 465 na
374 386 535 447 uorrn
576 382 879 444 exnonrrcta

13 524 15 529 ³
103 582 150 625 ex
175 559 324 646 Diogene
354 562 530 644 tration,
551 557 614 645 (ste
629 580 689 643 pro
707 578 741 641 9.
761 556 840 640 scr.)
865 572 900 633 7.
923 552 947 621 f.
972 547 1155 644 Tapouta'n

113 664 176 727 Sed
208 677 242 726 et
273 665 344 737 noti
371 661 442 725 lunt
469 664 585 726 Dionia
609 660 826 742 Chrylollnrni
851 655 949 745 λόγοι
981 650 1155 743 Tepenuoi.

1 802 7 813 ·
112 765 221 827 Latini
247 763 311 825 Tar
327 761 418 856 cusis.
481 766 575 827 Plura
600 764 723 827 dabunt
749 766 788 827 de
821 764 879 825 hae
905 761 987 823 urbe
1011 761 1156 822 conlecta

114 868 310 952 llintlirrgiut
333 869 367 927 iu
391 867 526 930 Bellene
546 888 579 950 p.
592 868 679 946 469.
701 866 868 943 (Gronov.
885 862 967 926 thel.
983 862 1059 923 Vol.
1082 864 1156 941 ιι.)

116 966 308 1049 Breithaupt
326 988 353 1027 c.
377 968 398 1029 l.
431 969 541 1048 Bellep
564 966 614 1028 fur
631 967 680 1031 lea
700 986 896 1029 monument
912 966 955 1027 de
975 966 1005 1026 la
1021 964 1101 1026 ville
1118 963 1156 1025 de

116 1068 211 1131 'l'arle
233 1071 267 1129 in
291 1069 467 1131 Memoirea
485 1070 525 1130 de
546 1068 567 1129 1·
577 1070 737 1132 academie
757 1069 813 1132 dea
833 1069 908 1131 bell.
927 1067 1015 1128 lettr.
1044 1098 1095 1114 -
1118 1064 1156 1128 rie

30 1182 33 1187 ’
114 1170 203 1233 Parit
217 1172 313 1230 Tom.
331 1184 389 1248 37.
405 1192 437 1251 p.
449 1182 520 1251 340
531 1171 673 1247 -369,
708 1170 837 1233 Nomen
857 1166 995 1253 priscum
1012 1180 1047 1228 et
1063 1165 1157 1229 lrorlie
1178 1149 1181 1157 ¹

115 1271 258 1339 retinuit.
281 1290 348 1332 non
365 1273 442 1332 item
456 1272 668 1352 opulentiam.
680 1271 852 1349 ·(Pococlte
866 1272 907 1333 Τ.
918 1285 951 1332 9.
966 1290 999 1350 p.
1012 1288 1059 1329 m.
1072 1278 1154 1344 955.

117 1371 219 1434 Belou
238 1392 315 1433 vero
338 1373 492 1436 observat.
512 1390 545 1441 9.
563 1390 624 1453 99.
646 1392 716 1457 pag.
742 1375 820 1451 1¹56.
853 1372 900 1431 illi
921 1371 1025 1431 hodie
1046 1368 1160 1430 tribuit

118 1493 240 1535 nomeu
256 1474 367 1535 Harun
384 1473 405 1536 i.
419 1476 492 1535 aliae
507 1465 663 1564 Hantsn.)
715 1474 791 1536 Nou
805 1473 918 1555 procul
931 1460 1034 1540 inde(
1047 1470 1107 1532 nbi
1126 1470 1158 1533 lt.

96 1570 247 1642 'Aclnuau
272 1578 380 1637 ruinas
398 1578 499 1645 cauri,
524 1577 634 1639 locum
655 1576 762 1658 paucio
783 1571 899 1636 incolit
917 1573 1057 1634 habitari
1075 1571 1160 1636 teste·

118 1687 171 1745 aur
185 1675 287 1737 Lucae
302 1695 425 1763 voyage
443 1679 521 1740 daut
535 1677 565 1739 la
580 1672 681 1738 Grtice
696 1678 737 1739 Τ.
758 1698 786 1740 ι.
803 1695 841 1759 ρ.
855 1684 940 1762 549.
1082 1661 1085 1664 ’

287 1882 316 1958 §.
348 1896 381 1943 9.
432 1879 646 1962 piratis)
696 1879 815 1965 Qualea
840 1877 970 1940 inerunt
990 1878 1026 1939 in
1051 1876 1164 1960 primia

119 1974 254 2050 Cilices,
279 1982 437 2042 adiunctis
458 1983 588 2063 quidem
606 1980 708 2045 loeiie.
759 1981 839 2044 lude
858 1979 969 2040 bellum
989 1981 1164 2058 pirntinuu

123 2082 254 2152 dicitur,
290 2081 330 2143 de
354 2103 419 2164 quo
445 2085 557 2145 Florus
575 2096 607 2162 3.
631 2084 665 2147 6.
701 2095 735 2146 et
755 2078 866 2166 paffinr
886 2081 1002 2145 Cicero
1029 2082 1070 2144 (le
1096 2080 1164 2164 lega

123 2180 273 2252 Manilia,
306 2184 494 2246 Plutarchus
524 2189 556 2246 in
579 2185 737 2266 Pompeio
759 2205 825 2268 cap.
848 2186 906 2246 96.
939 2183 1110 2263 Appianua
1132 2185 1164 2242 in

123 2281 303 2346 Mithrlrlat.
327 2305 393 2365 cap.
415 2302 472 2364 92.
506 2288 559 2367 qui
588 2306 655 2365 cap.
675 2284 732 2361 56.
755 2284 777 2347 l'.
816 2281 992 2373 λῃστρικόν
1017 2277 1166 2372 πόλεμον

122 2400 229 2447 vocat.
255 2416 304 2431 -
346 2386 431 2446 Hinc
453 2383 617 2472 λῃστρίδες
635 2382 784 2448 Κίλισσαι
805 2380 916 2465 passim
937 2385 1022 2466 apud
1043 2387 1167 2447 Plutat·

125 2487 242 2554 chum,
268 2499 307 2545 ut
329 2489 361 2545 in
380 2487 485 2546 Grallo
500 2508 566 2569 cap.
591 2509 642 2550 ιο.
672 2489 705 2547 in
719 2487 860 2548 Sertorio
879 2504 946 2567 nep.
961 2502 995 2562 7.
1022 2482 1063 2549 [ο.
1086 2487 1166 2569 νῆες,

126 2587 212 2667 quod
230 2588 320 2646 addit
337 2589 370 2645 in
387 2589 531 2647 Antonio
548 2609 574 2651 c.
594 2602 652 2664 39.
670 2590 714 2650 in;
743 2588 877 2647 Diudnr.
894 2589 955 2649 Sic.
971 2597 1026 2662 15.
1043 2600 1104 2666 95.
1124 2591 1168 2650 in.

126 2707 266 2769 proquo
284 2682 465 2774 πειρατικαὶ
482 2689 550 2773 νῆες
568 2690 719 2749 dicuntur
738 2687 937 2751 aPlutarcho
955 2688 989 2748 in
1004 2688 1168 2773 Pompelo

129 2808 195 2867 cap.
215 2803 273 2868 45.
327 2791 375 2849 Ex
399 2790 509 2851 Cilicia
535 2806 642 2852 autem
675 2787 778 2870 aspere
804 2791 837 2851 id
864 2790 986 2852 malum
1009 2803 1169 2875 eruperat,

131 2890 288 2970 ideoque,
321 2892 395 2952 licet
416 2893 503 2969 Syri.
534 2892 716 2972 Pamphylii
745 2891 862 2973 aliique
885 2891 1171 2977 Orienlit'populi

69 3057 71 3061 ,
130 2993 292 3072 piraticam
312 2991 469 3062 facerent,
502 2992 656 3055 Cilicibus
677 3007 782 3054 tamen
814 2996 847 3054 iu
872 2993 983 3074 primia
1005 2993 1172 3056 tributum

130 3092 190 3161 eli.
218 3095 264 3154 uti
286 3093 381 3156 docet
396 3095 557 3176 Appiauua
572 3114 599 3156 c.
616 3095 642 3154 l.
695 3093 849 3156 Ceterum
867 3114 929 3156 vox
948 3095 1072 3170 pirata,
1096 3110 1172 3176 proi

130 3198 200 3275 prie
216 3195 351 3256 Graecae
370 3197 519 3278 originis,
546 3216 563 3256 a
579 3197 699 3256 Latinis
718 3210 841 3276 recepta
862 3208 894 3256 et
910 3194 1021 3256 crebro
1037 3194 1096 3255 ulu
1112 3192 1173 3259 fress

109 3313 278 3376 ¹quenuua
299 3296 352 3359 eli.
406 3297 516 3360 Latine
530 3297 703 3375 praedones
723 3298 878 3357 maritimi
893 3296 1055 3366 dicuntur,
1081 3309 1121 3357 ut
1137 3299 1175 3360 itt

132 3394 260 3478 Nepote
289 3414 321 3463 9.
351 3415 382 3469 9,
404 3413 445 3480 ’5.
503 3399 683 3481 Utrumque
716 3400 885 3484 coniungit
914 3399 1030 3462 Sextus
1064 3395 1175 3462 ltufiu

129 3514 196 3579 cap.
230 3513 284 3560 ι9.
308 3496 331 3559 f.

161 3726 166 3739 ·
207 3683 489 3791 adsignante)
546 3703 709 3787 Appianua
743 3703 779 3764 ln
809 3699 987 3762 Mithridat.
1014 3719 1086 3784 cap·
1110 3700 1173 3782 963

134 3797 248 3871 refert,
274 3801 469 3885 Pompeium
492 3806 598 3885 piratit
613 3806 747 3866 deuictis
764 3803 915 3872 Mallum,
941 3802 1069 3874 Adanu,
1100 3800 1176 3886 lipi-

133 3902 302 3984 phaniam.
327 3918 357 3964 et
374 3905 395 3965 fi
411 3907 496 3987 quod
518 3921 581 3969 erat
599 3907 757 3988 oppidum
772 3905 902 3968 Ciliciae
916 3902 1059 3986 asperae,
1085 3904 1176 3965 habi·

134 4016 233 4065 tatum
256 4003 442 4069 conceffili'e.
476 4008 538 4071 Sed
558 4007 707 4069 Nollrum
727 4008 893 4069 coufirmat
906 4004 1022 4067 Strabo
1037 4004 1097 4068 lib.
1119 4014 1174 4088 ¹4·

133 4124 166 4191 p.
187 4107 273 4198 462.
300 4105 323 4170 l.
347 4110 433 4184 67ι.
466 4126 601 4192 eamque
630 4108 745 4172 urbem
779 4122 857 4169 tunc
890 4101 1175 4194 λειπανδρὴσασαι
