2634 4716
271 395 321 452 IN
350 396 489 453 POMP.
520 394 626 451 MEL
668 395 748 451 1.t.
791 392 925 452 cxlx
966 393 1045 471 §.9-
1117 402 1181 471 699

139 569 300 630 Naturam
325 581 393 628 arte
417 562 515 629 etiam
546 564 693 628 adiutam
719 560 812 629 fuisse
834 562 927 628 addit
949 565 1082 632 Strabo.
1118 558 1177 647 qui

88 696 90 703 ·
137 685 306 754 praeterea
324 665 467 740 moenia,
494 669 707 752 gymnasium,
733 668 854 739 sorum,
878 663 1036 752 porticus.
1065 683 1175 746 opera,

88 772 92 806 '²
136 770 260 833 laudat.
300 770 387 832 Cum
403 767 452 832 bis
466 786 650 853 expugnata
668 768 784 841 suisset,
800 767 945 854 primum
962 767 1174 835 affirmate,

137 872 208 956 posi
223 893 240 932 a
257 873 414 950 Lucullo,
447 870 531 934 facta
555 871 598 932 eu
618 868 749 934 colonia
768 872 1012 937 Romanorum.
1043 868 1176 951 qualem

88 1004 89 1011 ι
135 965 259 1036 ιὀειιιιι
273 974 400 1043 Strabo,
422 971 559 1044 Plinii,
581 992 611 1035 o.
636 971 718 1035 etin
735 968 971 1059 primianum,
998 967 1034 1031 in
1053 966 1174 1051 quibua

134 1073 257 1157 legitur
272 1075 309 1137 C.
327 1075 351 1135 s.
369 1074 404 1135 F.
420 1075 452 1134 S.
474 1072 629 1151 (Colonia
651 1072 734 1136 lusia
756 1072 846 1136 Felix
865 1066 1003 1155 Sinope)
1024 1072 1077 1130 vel
1094 1069 1131 1131 C.
1147 1069 1173 1130 1.

133 1178 217 1258 Aug.
235 1176 270 1237 F.
286 1173 355 1238 Sin.
375 1175 462 1251 (Col.
480 1173 563 1237 lusia
585 1175 723 1259 Augusta
741 1173 832 1238 Felix
851 1171 990 1258 Sinope)
1009 1168 1058 1233 uti
1077 1171 1175 1232 docet

132 1276 260 1341 uncae
275 1273 310 1337 in
332 1279 408 1337 Lex.
423 1298 514 1338 num.
531 1277 572 1340 T.
590 1288 624 1357 4.
641 1278 677 1339 Ρ.
696 1296 727 1339 o.
742 1298 775 1360 p.
793 1289 885 1354 ¹¹⁰5
902 1275 968 1360 sqq.
1004 1276 1030 1336 A
1048 1270 1173 1354 Sinope

133 1376 287 1441 rubricae
320 1396 422 1459 genus
448 1375 603 1465 (μίλτος)
637 1377 837 1441 inclaruerat
868 1374 1005 1439 nomine.
1032 1373 1171 1448 Sinopis.

135 1479 178 1541 de
200 1498 266 1564 quo
287 1478 372 1540 Plin·
389 1490 447 1555 55.
474 1495 527 1555 13.
544 1480 564 1541 s.
581 1481 614 1544 6.
643 1496 676 1541 et
696 1500 781 1565 quae
801 1493 959 1540 notarunt
978 1470 1171 1547 Harduinut

133 1580 176 1642 ad
193 1601 220 1643 c.
237 1582 258 1640 Ι.
285 1578 415 1641 Salmas.
431 1577 466 1639 in
483 1578 586 1643 Solin.
604 1602 632 1644 c.
650 1592 708 1657 53.
725 1581 745 1643 s.
764 1583 822 1660 56.
838 1602 871 1664 p.
887 1600 931 1641 m.
947 1590 1031 1653 813.
1069 1577 1169 1637 Plura

132 1682 175 1743 de
197 1679 264 1765 ipsa
287 1682 368 1743 urbe
392 1680 618 1763 congesserunt
637 1683 790 1744 Fontenu
803 1679 839 1743 iu
853 1677 1033 1743 Memoireo
1062 1712 1095 1723 -
1130 1674 1173 1737 de
1203 1718 1206 1722 -

129 1781 224 1847 Paria
240 1783 283 1846 T.
303 1804 357 1844 ιο.
372 1804 404 1866 p.
419 1785 492 1861 465
508 1782 573 1869 sqq.
596 1786 753 1863 ethlley
770 1784 882 1846 surico
901 1779 972 1843 ereo
990 1780 1030 1841 de
1046 1775 1171 1860 Sinope

132 1883 175 1944 T.
201 1885 257 1944 26.
287 1902 361 1963 pag.
385 1885 458 1958 456
485 1883 550 1966 sqq.
585 1884 626 1945 dc
649 1882 784 1966 epochis
812 1882 911 1944 etiam
936 1878 1170 1965 Sinopensibut

129 1982 258 2050 Eckhes
275 1978 312 2042 in
326 1979 430 2045 doctr.
445 2002 536 2043 num.
551 1984 587 2047 P.
609 2006 637 2048 1.
655 1985 726 2046 Vos.
744 2002 776 2047 o.
798 2006 831 2071 p.
849 1998 916 2065 391
937 1982 1004 2067 sqq.

96 2260 100 2267 ¹
205 2182 445 2265 Diogenis)
493 2183 544 2243 De
565 2201 605 2244 eo
625 2180 746 2245 vid'in
768 2179 886 2268 primia
902 2177 1043 2264 Diogen.
1060 2182 1167 2241 Laert.

132 2291 167 2362 6,
189 2308 218 2350 o.
246 2286 393 2349 Brucker
410 2282 446 2346 iu
466 2281 537 2348 hin.
559 2282 674 2367 philos.
688 2287 729 2347 T.
744 2308 772 2348 1.
789 2307 821 2368 p.
833 2296 900 2359 871
916 2282 982 2367 sqq.
998 2295 1030 2343 et
1045 2275 1168 2342 Lexica

100 2468 103 2473 Ι
130 2387 297 2453 historica.
349 2386 431 2447 Inde
453 2384 640 2468 simpliciter
657 2388 795 2472 Cynicus
811 2386 965 2466 Sinopeus
987 2383 1025 2444 ab
1042 2377 1167 2447 ovidio

132 2512 173 2554 ex
197 2493 302 2552 Ponto
322 2510 351 2559 ι,
374 2502 408 2566 3,
432 2489 490 2561 67.
517 2503 663 2549 vocatur.
715 2488 817 2549 Porro
843 2483 1043 2554 notandum,
1077 2480 1170 2567 quod

131 2594 246 2655 usnate
265 2590 402 2672 Cynicus
416 2586 453 2650 in
467 2586 601 2649 Graecia
616 2604 649 2649 et
663 2586 789 2651 Latinis
809 2583 1026 2671 postponitur.
1064 2578 1166 2669 Deni-

132 2712 197 2779 que
214 2711 254 2753 ex
268 2691 428 2756 Strabone
443 2684 498 2753 alii
519 2686 611 2753 cives
627 2687 707 2754 clari
724 2687 801 2753 addi
820 2688 960 2777 poliunt.

208 2893 376 2978 Halyn)
416 2885 599 2969 6ι.”Αλυς,
627 2892 717 2978 qnod
732 2911 855 2955 nomeu
875 2885 1003 2953 traxisse
1018 2888 1168 2957 serebant
1284 2962 1288 2973 ,

133 2991 199 3062 dni
219 2996 286 3060 τῶν
309 2991 454 3083 ὀρυκτῶν
479 2990 579 3059 ἁλῶν.
606 2995 742 3072 (Strabo
762 3008 875 3077 ro.‘p.
891 2992 973 3068 386.
993 2990 1013 3055 s.
1028 2994 1112 3070 561.
1134 3008 1169 3057 ct

134 3118 219 3185 quae
250 3095 392 3157 Eustath.
427 3094 468 3156 ad
493 3093 627 3176 Dionys.
654 3116 685 3157 v.
708 3104 792 3172 784.
819 3088 970 3176 adposuit
999 3092 1041 3155 de
1072 3094 1168 3159 causo

133 3196 267 3262 omillae
292 3191 544 3279 adspirationis.)
596 3195 696 3280 Quod
723 3190 824 3255 tradit
846 3193 1086 3267 Herodotum,
1108 3212 1167 3269 72

133 3321 175 3363 ex
200 3294 357 3360 Armenio
381 3310 493 3361 monte
519 3293 636 3359 deiluit
660 3314 718 3379 per
744 3292 885 3366 Cilicon,
921 3310 954 3356 et
978 3292 1090 3359 indc
1082 3312 1169 3361 inter

132 3398 301 3465 Maticnoo
318 3410 351 3458 et
367 3397 526 3478 Phrygas.
559 3413 630 3460 tum
646 3396 756 3457 versus
775 3392 1039 3479 septemtrionem
1056 3394 1168 3479 Syrio·

134 3499 366 3585 Cappadoces,
390 3497 555 3576 (Syroor,
574 3500 607 3561 6.
631 3494 837 3581 simpliciter,
862 3498 987 3584 dequo
1004 3496 1099 3579 ahin)
1124 3502 1168 3566 irc

132 3619 172 3683 ιιι
189 3624 206 3664 a
223 3596 318 3670 mari,
345 3594 434 3683 quod
450 3598 558 3681 Cypro
575 3595 743 3661 obiectum
766 3598 819 3669 esi,
850 3596 1006 3663 iuferiora
1023 3604 1112 3665 Afrae
1124 3602 1168 3667 ad

132 3706 280 3772 Pontum
294 3719 400 3786 noque
416 3695 560 3761 dirimat.
597 3700 693 3785 Quae
707 3720 747 3761 ex
768 3700 830 3762 hac
847 3698 1064 3787 descriptione
1080 3700 1167 3769 dissir

135 3809 199 3871 cui
206 3820 274 3865 atea
301 3798 520 3871 obiicinntur,
552 3797 707 3884 expedire
729 3800 920 3869 studuerunt
943 3802 1141 3871 Cessariur'
1129 3826 1168 3871 tu

135 3910 256 3988 Geogr
273 3916 375 3965 ant.
330 3940 390 3978 .,,
381 3912 444 3978 8,
463 3912 521 3978 57.
554 3916 587 3962 et
608 3902 897 3969 Μιιιιιοιινοη.
922 3904 997 3969 ur
1000 3918 1167 3995 pm.

134 4003 329 4074 Armenium
347 4018 507 4073 montem,
520 4001 620 4114 quod
637 3999 791 4086 equidem
805 4020 897 4119 puto.
919 4022 1047 4091 partem
1061 4006 1166 4077 Tauri

134 4127 241 4198 prope
279 4087 470 4170 Διωιιιίιιιι
508 4094 674 4171 minorem
700 4102 856 4184 vocarit,
895 4104 1021 4181 cision
1055 4128 1170 4183 au
