2634 4716
710 120 729 161 t

52 406 57 417 ,
124 368 167 430 ao
396 349 557 412 noran
596 344 900 409 axaaarrcra

128 525 313 592 Aristotelea
330 525 369 588 de
389 526 480 588 coelo
506 542 538 595 a,
562 541 596 588 a.
648 525 783 586 Initium
804 537 912 586 autern
930 521 1110 592 (lucebant.
1135 535 1172 585 ut

127 631 255 693 Plinius
273 646 304 699 2,
328 644 406 692 112.
424 628 445 690 s.
466 639 546 707 ¹⁰8·
568 625 683 690 diieru
704 625 849 710 explicat,
873 625 913 686 ab
927 627 1020 687 India
1034 627 1075 688 ad
1092 626 1173 688 Her·

129 733 208 794 culie
228 731 406 793 columnae.

205 932 363 1016 Zonis)
415 931 501 995 Nota
522 946 621 996 terrae
640 930 735 995 saciee
755 933 914 994 dividitur
934 931 967 994 in
989 940 1011 1009 5
1032 928 1131 1014 spatia
1151 929 1173 995 s.

130 1038 254 1121 plagas,
287 1056 367 1116 qnae
394 1034 521 1096 Graecia
548 1032 648 1121 ζῶναι
674 1038 842 1105 dicuntur.
877 1035 1000 1097 Latinio
1032 1033 1173 1113 cingula,

129 1141 249 1220 plagae
275 1135 297 1197 s.
315 1128 459 1226 fasciae.
509 1138 674 1222 Quoniam
707 1156 789 1199 zona
818 1135 862 1198 esi
897 1134 1033 1217 spatium
1063 1147 1174 1202 teme,

129 1242 218 1322 quod
241 1239 369 1299 duobus
389 1238 513 1300 circulis
534 1239 709 1301 maioribus
730 1239 922 1308 includitur,
948 1255 1070 1298 nomen
1091 1256 1176 1298 acce·

123 1338 251 1427 'parunt
281 1359 380 1401 zonae
405 1361 422 1399 a
448 1356 558 1402 natura
584 1341 746 1410 locorum,
784 1339 821 1400 in
851 1338 968 1420 quibua
999 1341 1177 1423 finguntur.

133 1426 300 1505 Nimirum
317 1461 379 1501 una
400 1443 536 1511 torrida.
563 1443 644 1504 duae
663 1439 796 1526 frigidae
816 1453 850 1503 et
871 1441 952 1501 duae
972 1452 1176 1522 temperatae.

134 1544 275 1610 circuli,
302 1545 416 1624 quibua
436 1546 627 1627 cinguntur,
656 1542 726 1603 sunt
747 1555 898 1624 quatuor,
924 1543 1085 1612 Archous,
1115 1545 1178 1603 An

76 1628 84 1647 ’
135 1647 301 1712 tareticua,
324 1647 480 1725 Tropicua
494 1645 608 1706 Cancri
624 1657 658 1706 et
673 1646 830 1726 Tropicua
847 1643 1043 1725 Capricorni.
1074 1661 1179 1703 onaa-

136 1768 215 1810 νινε
236 1745 312 1806 MS.
367 1746 474 1806 Latini
498 1748 592 1806 etiam
614 1746 802 1828 plerumque
823 1765 863 1806 ex
883 1742 1018 1808 solemni
1041 1742 1100 1805 usu
1123 1763 1179 1807 vo·

135 1868 206 1912 cern
235 1847 386 1907 Graecam
412 1849 562 1908 retinent.
615 1846 735 1909 Melina
769 1860 875 1908 tamen
903 1836 1040 1936 fascias
1070 1848 1181 1909 vocari

135 1963 250 2013 monet
274 1948 448 2008 Martianus
469 1949 595 2030 Capella
613 1949 648 2011 6.
673 1970 706 2030 p.
731 1968 775 2009 rn.
805 1949 886 2027 196.
921 1968 981 2029 qua
1003 1966 1085 2009 voce
1108 1946 1183 2010 usur

76 2036 81 2059 ⁸
137 2051 190 2115 est
203 2050 363 2110 luvenalis
384 2061 437 2126 14.
458 2061 541 2128 294.
578 2049 717 2129 Cingula
745 2047 816 2109 sunt
838 2049 988 2111 Ciceroni
1009 2051 1043 2110 in
1064 2050 1183 2112 Somn.

137 2153 223 2234 scip.
240 2170 267 2213 c.
286 2152 321 2214 6.
345 2150 505 2212 Zonarurn
524 2153 668 2232 quinque
683 2146 845 2214 auctorem
861 2151 1087 2213 Parmenidem
1106 2149 1185 2212 facit

137 2253 331 2316 Posidonius
354 2253 437 2334 apud
459 2253 604 2316 Strabon.
625 2267 658 2315 a.
675 2272 709 2336 p.
726 2253 787 2333 69.
806 2250 828 2313 s.
849 2262 910 2332 94.
936 2266 1017 2333 quot
1032 2252 1068 2312 in
1088 2253 1182 2316 coelo

137 2352 278 2418 fecerant
298 2355 414 2417 Thalea
431 2369 464 2418 et
485 2354 698 2438 Pythagorae,
729 2355 807 2418 teste
823 2354 996 2417 Plutarcho
1012 2354 1053 2415 de
1074 2355 1185 2436 placit.

138 2455 255 2541 philos.
272 2473 305 2525 a,
328 2472 382 2517 ra.
408 2476 549 2537 qnorum
568 2470 602 2516 et
626 2457 680 2516 hic
695 2459 729 2516 in
753 2470 833 2516 terra
847 2455 989 2537 quinque
1005 2454 1109 2516 llatuit
1132 2477 1186 2519 eo·

139 2560 216 2647 elem
228 2558 401 2618 Plutarcho
418 2556 492 2617 teste
503 2570 535 2634 5,
560 2566 614 2623 ale.
641 2556 866 2618 Parmeniden]
883 2553 1007 2618 secutur
1022 2557 1065 2618 est
1081 2558 1183 2627 Zeno,

139 2659 228 2719 illiue
250 2655 431 2738 discipulae,
459 2655 622 2740 (Diogen.
641 2657 743 2719 Laert.
760 2671 796 2732 7.
818 2677 846 2719 c.
863 2670 922 2736 85.
939 2656 961 2720 s.
984 2654 1087 2742 156.)
1111 2672 1186 2722 tum

141 2758 335 2827 Aristotelen
358 2757 413 2817 etsi
430 2759 463 2816 in
479 2776 587 2819 earum
604 2758 824 2819 conlocatione
840 2758 1061 2821 aParmenirle
1075 2761 1186 2843 paralio

143 2860 342 2940 discrepans.
370 2857 503 2937 (Strabo
533 2873 565 2920 a.
597 2878 629 2939 p.
654 2860 713 2945 65.
741 2857 761 2923 [.
784 2869 834 2939 94
854 2857 917 2941 sq.)
952 2861 1186 2933 Eratosthenes,

143 2958 347 3045 (Heraclides
369 2961 402 3019 in
424 2960 553 3043 allegor.
572 2960 734 3022 Homeric.
752 2982 784 3043 p.
802 2964 887 3040 476.
906 2962 996 3039 Gal.)
1021 2976 1054 3024 et
1076 2965 1189 3045 plurea

144 3062 216 3133 alii,
243 3063 276 3121 in
298 3063 413 3143 quibua
435 3061 547 3125 Strabo
566 3077 597 3124 2.
618 3081 650 3144 p.
668 3061 726 3124 66.
742 3061 763 3124 s.
782 3064 842 3142 96.
879 3065 987 3147 Virgil.
1014 3065 1133 3148 Genrg.
1159 3086 1189 3136 ι,

146 3178 231 3244 255.
259 3168 326 3246 (qui
348 3177 386 3225 ut
401 3165 495 3226 docet
510 3165 623 3225 luniua
638 3165 673 3224 in
689 3152 896 3226 animadvers.
914 3180 946 3244 5,
969 3177 1000 3242 5.
1025 3165 1076 3226 sua
1093 3168 1192 3228 duxit

145 3286 186 3329 ex
207 3263 439 3349 Eratosthene.)
466 3265 565 3328 ovid.
589 3264 723 3327 illatam.
753 3287 782 3336 r,
806 3277 855 3345 45
874 3265 914 3347 sq.
947 3266 1071 3328 Tibull.
1093 3278 1135 3346 4.
1160 3290 1189 3341 ι.

152 3387 167 3426 ι
175 3380 220 3443 52
240 3365 301 3447 sqq.
330 3367 453 3428 l’linina
471 3383 503 3434 a.
526 3367 604 3442 163.
657 3366 782 3429 Prolixe
798 3384 920 3448 praeter
935 3369 1127 3430 Strabonem
1148 3370 1190 3433 de

147 3469 188 3529 iia
209 3467 354 3529 disseruit
379 3467 561 3528 Macrobioe
582 3469 615 3528 in
638 3468 751 3532 Somn.
774 3470 857 3550 Scip.
878 3488 909 3539 a,
931 3482 963 3546 5.
980 3483 1013 3530 et
1030 3485 1062 3544 7.
1091 3483 1125 3532 et
1149 3472 1193 3533 ad

148 3568 290 3631 nosirum
313 3571 420 3629 locum
448 3569 634 3644 Vatlianur„
670 3569 791 3631 Earum
815 3571 944 3654 vestigia
971 3586 1130 3651 quaerunt
1154 3574 1196 3634 in¹

149 3667 238 3732 scuto
258 3673 387 3732 Achillia
407 3670 489 3753 apud
508 3670 641 3735 llomer.
662 3687 718 3743 no,
744 3686 826 3744 270.
851 3675 908 3754 qui
924 3664 1060 3756 πτύχας
1080 3688 1193 3746 vocat,

148 3771 270 3853 dequo
294 3774 359 3833 riti.
380 3773 560 3835 iseraelitlee
576 3792 604 3836 c.
619 3772 641 3836 1.
675 3771 795 3836 Contra
817 3774 839 3836 6
860 3794 955 3835 zonas
970 3773 1073 3835 statuit
1094 3775 1195 3855 Poly·

149 3872 233 3946 hina,
255 3872 329 3936 teste
344 3872 499 3937 Strabone
513 3890 543 3937 a.
561 3894 590 3957 p.
607 3874 666 3951 65.
683 3871 703 3937 s.
719 3875 779 3954 96.
798 3874 874 3941 duaa
890 3873 944 3935 sub
960 3877 1084 3937 circulis
1100 3867 1196 3938 arcti·

150 3976 211 4044 cir,
238 3976 317 4037 dnae
338 3977 420 4038 inter
440 3976 495 4037 har
515 3989 547 4037 et
567 3977 742 4058 ‘l'rnpicor,
773 3976 849 4040 (luae
871 3977 953 4037 inter
974 3979 1134 4059 Tropicoa
1158 3993 1194 4042 et

151 4077 373 4159 Aequatorern.
426 4076 564 4159 l’olyhio
590 4074 735 4144 adsensio
760 4077 821 4153 eil,
855 4078 1022 4145 aelidem
1051 4082 1195 4163 putarit,
