2634 4716
270 421 321 479 nu
348 422 487 481 rour.
517 411 627 480 ultr..
669 424 704 481 ι.
725 424 749 478 ι.
792 421 927 481 axin
968 421 1047 490 aa.
1117 422 1181 492 aas
1225 476 1228 481 ,

137 588 223 677 turp.
260 595 366 663 Tum.
385 594 488 676 .qnod
513 595 649 657 validior
677 594 734 665 ell,
767 595 930 658 oraculum
954 592 1045 655 Malli
1064 588 1179 651 habuit

136 694 389 777 Amphilochur.
425 696 514 776 qnod
547 699 696 758 omniurn
730 694 781 759 lua
807 709 909 759 aetate
941 687 1178 756 veracillrmum

135 797 300 878 praedicat
316 794 481 859 l’anianiaa
501 818 530 867 t.
550 812 608 875 34.
641 795 693 859 Cf.
714 798 828 877 Hayna
850 798 888 858 ad
907 796 1093 879 Apollodor.
1108 812 1135 854 c.
1152 779 1190 855 l.

136 896 225 959 Hinc
254 912 287 959 er
313 899 528 960 Alexandrum
554 900 600 959 ilri
633 899 848 979 rinrphiioclro
879 897 1050 980 parentalle
1079 893 1178 987 tradit
1267 910 1272 921 ·

135 1000 289 1061 Arrianua
304 1019 330 1061 c.
351 1000 372 1061 l.
425 999 506 1063 Urba
527 1000 579 1061 fita
596 1002 709 1061 eratin
726 1002 797 1067 loco
812 1001 912 1062 edito.
941 1002 954 1075 (
961 999 1072 1060 Strabo
1088 1016 1115 1058 c.
1131 993 1175 1071 i.)

135 1099 300 1165 Delertarri
316 1100 439 1162 iacuisse
456 1101 603 1183 Pompeii
622 1115 778 1183 tempore,
797 1120 837 1162 ex
851 1120 936 1162 nexu
953 1099 1084 1179 inpicari
1101 1097 1176 1157 licet

134 1203 220 1284 apud
246 1202 378 1283 Appian.
400 1205 434 1263 iu
457 1202 603 1265 Mithrid.
625 1222 653 1265 c.
669 1204 728 1283 96.
753 1202 843 1284 quod
864 1222 936 1265 earn
956 1201 1064 1283 piratio
1085 1194 1183 1275 habi*
1260 1215 1265 1223 ¹

133 1303 264 1364 taudaur
284 1299 446 1367 coneeffit.
778 1321 780 1325 ’
1259 1322 1261 1327 ’

210 1496 516 1595 γνωριονβιιίι)
566 1506 664 1590 Quod
689 1515 792 1569 narrat
808 1505 923 1585 Scylax
943 1524 975 1585 p.
993 1513 1054 1582 4ο.
1070 1493 1173 1563 Hudl.

132 1604 265 1668 adverso
279 1627 373 1669 amna
387 1608 523 1688 Pyramo
538 1608 661 1671 adeam
675 1607 852 1692 navigatur.
868 1607 907 1668 ad
921 1606 1072 1668 viciniam
1087 1600 1192 1695 urbia,
1286 1632 1289 1636 ·

132 1727 175 1771 «x
194 1707 308 1770 Nolito
330 1707 439 1770 referri
459 1709 574 1780 debet.
605 1730 679 1771 oum
699 1713 733 1770 in
751 1707 871 1772 excello
889 1709 960 1770 loco
977 1708 1063 1766 snam
1080 1700 1174 1764 furna

131 1810 279 1894 proxima
303 1825 380 1871 nota
406 1811 620 1876 declaraverit.
680 1813 723 1874 At
745 1812 871 1895 egregie
898 1801 1042 1871 diaienlit
1065 1804 1172 1866 Ptole·

132 1929 244 1973 maana
261 1913 293 1988 5,
311 1920 344 1988 3.
370 1913 425 1992 qui
439 1930 513 1973 cum
525 1913 717 1974 maritimam
729 1913 842 1981 urbem
855 1908 955 1981 iaciat,
974 1909 1049 1972 ollia
1063 1921 1173 1967 tamen

133 2010 225 2073 fluvii
248 2014 318 2074 eiua
339 2011 376 2073 ab
401 2012 478 2071 urbe
495 2013 623 2096 longius
636 2026 799 2075 removet.
853 2013 945 2095 Quae
968 2012 1012 2071 ita
1031 2029 1069 2070 ex
1088 2009 1171 2070 Stra·

134 2111 222 2176 bone
239 2131 266 2176 c.
281 2113 304 2174 l.
329 2114 489 2175 conciliari
503 2113 606 2175 studet
616 2110 765 2176 Mannert
780 2115 814 2173 in
824 2112 941 2195 Geogr.
956 2111 1026 2173 Vol.
1036 2111 1070 2173 6.
1088 2108 1122 2169 P.
1135 2123 1170 2170 2.

131 2233 204 2297 pag.
223 2211 281 2278 60.
308 2228 345 2275 ut
365 2217 404 2276 ad
425 2211 562 2298 Margaia
588 2217 697 2276 vicum
717 2228 751 2275 ot
771 2214 953 2294 emporium
974 2210 1068 2292 ipsrua
1083 2207 1172 2269 urbia

131 2334 234 2398 propo
257 2315 371 2376 ollium
393 2313 553 2377 riseratur.
606 2319 647 2378 At
661 2315 714 2376 vel
730 2313 882 2375 lic'nimia
897 2312 1011 2374 urbem
1031 2331 1049 2372 a
1069 2309 1170 2371 fluvio

133 2435 302 2479 removero
317 2437 355 2477 ex
370 2436 583 2477 numerorum
598 2414 680 2477 lorre
698 2416 902 2497 corruptione
923 2413 1062 2476 videtur.
1099 2406 1169 2490 ipio

132 2530 241 2579 aurern
265 2517 459 2601 singulorum
475 2517 548 2579 litor
571 2529 604 2579 at
629 2514 720 2579 leriea
742 2518 866 2600 optime
887 2535 927 2577 ex
947 2515 1035 2577 Alex.
1053 2511 1099 2574 M.
1117 2511 1170 2571 iti·

132 2638 211 2680 nere
231 2619 316 2705 apud
340 2621 459 2713 Arrian.
479 2633 511 2688 a,
533 2628 567 2696 5.
583 2616 606 2680 f.
623 2610 666 2682 'et
689 2592 780 2684 burt.
804 2631 836 2698 3.
859 2632 892 2691 7,
912 2631 947 2696 5.
968 2613 1169 2677 constituitur
1296 2648 1299 2655 ·

133 2720 199 2782 hoc
224 2722 354 2781 ordine:
394 2717 523 2788 Tatina,
551 2720 701 2799 Cydnus.
727 2721 897 2798 Pyramus,
922 2710 1059 2785 Mallus,
1081 2713 1167 2777 luas.

133 2820 221 2883 Cum
243 2822 342 2905 igitur
365 2821 457 2883 Mela'
472 2807 554 2882 dixit
580 2823 709 2900 propior
731 2812 813 2909 Iffo.
845 2818 926 2880 nibil
949 2818 1032 2879 aliud
1063 2816 1169 2878 voluit
1209 2874 1216 2886 ,-

132 2922 286 2994 indicare,
308 2942 415 3003 qnam,
436 2921 541 3004 srquia
555 2923 593 2985 ab
610 2920 670 2985 llio
684 2917 874 3005 procellerit,
897 2920 1036 3001 priorem
1052 2919 1169 2981 habero

109 3018 327 3102 humum.
353 3026 407 3105 qni
426 3023 545 3084 Mallon
566 3024 781 3108 praeterfluat,
806 3043 904 3106 quam
917 3020 1087 3102 Cydnum,
1112 3020 1172 3104 qui
1287 3040 1294 3061 ‘

130 3143 191 3208 per
210 3122 341 3186 Tarium
360 3126 556 3225 ultraexeat.

213 3315 376 3417 Tarsam
385 3326 403 3408 )
436 3327 491 3391 Gr.
507 3323 653 3417 Torpuit,
675 3323 786 3411 paffim
801 3324 907 3391 'tamen
924 3329 1020 3390 etiam
1033 3320 1168 3412 Tapoar'.

133 3440 174 3490 nt
187 3428 269 3510 apud
288 3428 537 3509 Xenophontem
552 3432 592 3491 de
607 3433 719 3512 exped.
735 3433 813 3512 Cyri
834 3451 862 3501 r,
886 3447 918 3501 Ω.
937 3415 1062 3510 93.ὀῑ,
1087 3432 1171 3514 quor

132 3529 180 3592 ibi
201 3528 350 3612 producit
372 3522 511 3601 Morus.
535 3530 730 3612 Hesychiurn
749 3547 781 3596 et
801 3532 1023 3596 Philostratum
1046 3537 1080 3596 in
1103 3535 1170 3595 vita

133 3631 236 3712 Apoll
259 3651 288 3701 r,
305 3631 339 3703 7.
363 3633 395 3702 6,
416 3641 473 3714 34.
526 3634 627 3703 Adde,
647 3636 842 3715 quodetiam
858 3616 916 3696 liat
932 3633 1043 3705 forma,
1065 3637 1171 3698 addita

132 3731 261 3814 inl'uper
282 3731 508 3817 adspiratione,
535 3734 569 3795 in
586 3735 722 3823 lleinesri
746 3735 897 3823 syntagm.
921 3728 1027 3800 inicrr.
1050 3740 1174 3818 antiqu.
1295 3772 1297 3777 ·

136 3846 171 3909 9,
190 3848 248 3896 uo.
271 3837 443 3917 reperitur:
467 3833 606 3897 Iudaeus
624 3835 752 3929 Tharfis
767 3837 931 3901 oriundus.
965 3840 1004 3903 lo
1021 3837 1170 3922 scriptura

124 3922 215 4003 'laura
234 3931 335 3996 Tarfia
360 3925 539 4015 (lll‘ili'lst)
563 3939 668 3999 vocari
689 3940 819 4021 quidam
841 3953 970 4023 putant,
995 3932 1042 4005 ortn
1058 3940 1196 4020 voteri-x

133 4033 196 4097 lma
213 4032 365 4117 lolephua
380 4040 413 4099 in
428 4039 549 4119 antiqu.
562 4029 633 4102 lud.
650 4059 677 4109 r.
692 4042 726 4105 6.
737 4040 758 4102 l
771 4057 804 4117 7.
825 4056 859 4111 ot
870 4026 979 4103 auctor
995 4043 1069 4104 libri
1086 4034 1188 4105 ludit

134 4136 211 4205 thro
228 4151 261 4212 a,
284 4149 341 4218 ιδ.
366 4139 422 4205 otii
439 4132 494 4204 hic
507 4141 628 4206 incarn
641 4143 792 4213 lectione.
833 4139 963 4238 Tharsas
979 4145 1058 4210 olim
1072 4146 1170 4208 etiam
