2634 4716
239 389 303 455 aaa
508 373 671 437 morata
710 373 1014 436 exnoarrotn

239 553 278 618 ad
304 551 418 614 Sielror
434 548 539 613 rarilra
559 550 701 615 ridetur.
734 545 791 613 cf.
808 549 849 611 de
868 549 949 613 Oliri
971 536 1137 613 Heliodor.
1159 547 1196 609 irr
1221 547 1281 610 Ae·

240 655 347 738 thiop.
365 671 401 740 9,
416 669 452 732 9.
473 673 507 737 p.
525 661 612 730 424.
631 651 682 715 od.
699 650 918 720 Bourdelotli,
944 653 999 733 qui
1020 652 1128 734 plum
1145 649 1193 711 ibi
1213 670 1281 711 me·

237 768 354 820 morat.
403 753 467 817 Sed
496 753 537 817 rle
567 752 801 836 antiquioribus
835 752 903 813 Nili
932 754 1126 815 nominibua
1157 748 1282 814 contult

235 856 384 941 poliunt.
415 853 600 919 Eustathiur
626 854 666 916 ari
690 850 823 934 Dionys.
849 875 881 915 v.
912 869 996 918 aaa.
1036 851 1219 917 Maualaaur
1238 852 1280 915 ad

237 957 399 1024 Plutarch.
421 956 462 1020 de
483 955 611 1022 flumin.
633 975 665 1037 p.
683 956 755 1030 766
772 952 834 1037 loq.
857 954 941 1037 Lipl.
981 955 1178 1018 Orretiuutn
1196 950 1280 1018 titel.

233 1060 357 1144 Geogr.
374 1058 407 1121 lu
423 1077 456 1123 r.
490 1055 582 1120 Lobo
597 1058 630 1119 iu
644 1075 768 1143 voyage
782 1055 965 1122 d'lbiffinie
981 1052 1091 1140 (Parii.
1105 1068 1212 1136 1728.
1226 1054 1280 1135 4.)

237 1182 271 1247 p.
291 1178 375 1239 209.
408 1159 470 1219 viri
483 1159 570 1220 <locri
586 1158 625 1219 rd
641 1171 784 1253 auctorat
797 1158 953 1222 indicator
969 1174 1013 1227 et.
1038 1173 1075 1221 ut
1086 1158 1169 1223 alioa
1183 1158 1279 1219 omit·

237 1275 317 1332 tarn,
338 1261 513 1325 Muellerua
526 1261 560 1324 ln
574 1257 672 1322 latura
688 1258 859 1324 observatt.
875 1261 998 1343 philolo
1022 1306 1029 1322 .
1045 1281 1072 1324 a.
1094 1280 1125 1325 r.
1162 1257 1280 1321 Marrfit

236 1375 401 1444 receptum
417 1360 490 1425 Nili
505 1380 640 1433 nomeu.
665 1362 753 1444 quod
772 1362 824 1424 rel
838 1361 877 1426 ab
892 1361 990 1425 Helu.
1069 1361 1091 1429 1
1118 1361 1279 1432 derivant.

235 1469 290 1549 (v.
311 1463 421 1547 supra)
451 1464 505 1552 rel
525 1484 543 1524 a
562 1462 642 1524 limo
667 1455 779 1541 (flia)
798 1463 931 1526 advecto
957 1462 1145 1542 (Heliodor.
1162 1480 1198 1544 9.
1218 1470 1277 1527 aa.

226 1586 269 1655 J).
293 1575 380 1646 444.
407 1563 548 1627 Eullatb.
572 1564 611 1624 ari
637 1563 815 1647 Diouyl.c.
831 1566 853 1628 l.
887 1565 1096 1629 Bocoatiuac.
1112 1565 1156 1647 l.)
1184 1564 1278 1629 vela

236 1667 317 1732 Nilo
333 1684 425 1753 rege,
448 1664 575 1726 Tantali
590 1666 684 1747 ¹l'rlio;
709 1666 931 1751 (Hermippue
950 1667 1033 1753 apud
1047 1666 1155 1755 schol.
1170 1665 1277 1750 Apoll

235 1779 270 1851 4,
290 1769 375 1849 269.
400 1766 469 1831 aliia
484 1766 620 1831 Atlantia
641 1769 726 1851 apud
749 1767 890 1835 Euliatb.
907 1787 934 1830 o.
951 1767 994 1849 l.)
1029 1767 1162 1832 Nileum
1182 1779 1279 1829 rotat

234 1871 374 1935 Diodor.
395 1886 425 1938 t,
453 1885 509 1951 19,
532 1868 592 1947 63.
645 1867 752 1932 Prima
770 1867 840 1955 Nili
858 1870 985 1931 mantio
1003 1870 1141 1933 occurrit
1159 1869 1195 1935 in
1212 1868 1278 1945 ile·

234 1972 336 2044 fiodo,
360 1966 492 2051 (Strabo
506 1989 533 2031 c.
551 1970 594 2046 l.)
619 1969 705 2032 unde
726 1989 804 2033 eum
827 1969 972 2035 liemaro
996 1972 1158 2035 iuniorem
1173 1970 1277 2037 exilii·

235 2084 304 2136 mat
318 2070 503 2138 Eustatblua
517 2070 556 2132 ad
572 2069 706 2133 Homer.
722 2070 831 2151 Odyll.
846 2080 881 2154 4.
899 2083 984 2149 581.
1000 2093 1033 2156 p.
1048 2092 1093 2136 m.
1113 2083 1196 2153 187,
1212 2082 1275 2154 49.

233 2176 274 2239 ln
294 2175 405 2238 numia
425 2171 630 2260 adponuntur
660 2174 830 2243 crocodili,
863 2172 1104 2256 hippopotami.
1136 2193 1277 2259 papyrus

234 2288 267 2340 et
291 2276 365 2345 alia,
408 2272 449 2335 de
477 2273 597 2358 quibua
628 2271 747 2337 natatu
774 2276 810 2340 io
836 2274 916 2341 Lex.
939 2292 1032 2343 num.
1058 2277 1101 2342 Τ.
1123 2275 1225 2361 μ’.
1243 2295 1275 2340 ι.

232 2399 267 2463 p.
290 2390 383 2459 1530
402 2371 466 2461 sqq.
500 2376 571 2441 Alia
588 2374 751 2460 deinceps.

310 2576 510 2639 maximus
519 2573 537 2656 )
589 2576 629 2637 At
647 2588 759 2659 quarto
776 2574 860 2639 libro
876 2577 1061 2667 Herodotua
1081 2572 1274 2666 (camo.)

149 2716 152 2723 ·
232 2678 319 2751 Istat,
345 2678 461 2758 inquit.
488 2677 647 2746 omnium,
680 2698 760 2760 quor
785 2679 949 2750 norimua.
975 2680 1152 2749 fluviorum
1176 2684 1276 2747 mari·

232 2799 315 2842 mua.
367 2778 430 2840 Sed
447 2779 602 2841 maiorem
625 2778 685 2840 elle
702 2779 850 2842 Danubio
868 2779 980 2842 Nilum
994 2801 1034 2843 arr
1056 2783 1108 2859 bie
1127 2784 1276 2848 intellexi

232 2881 440 2965 quandoque,
471 2880 527 2964 qui
550 2892 721 2961 utrumque
746 2900 875 2943 amnem
896 2882 982 2947 baud
1006 2883 1104 2971 louge
1125 2884 1167 2947 ab
1188 2884 1275 2950 omia

232 2984 443 3069 navigarum
469 3001 659 3064 quamquam
673 2995 705 3043 et
727 2983 780 3044 ille
797 2979 915 3064 [eptem
930 2984 1014 3049 ostile
1028 2986 1196 3049 Euxinum
1211 2989 1276 3050 illa·

233 3084 338 3157 bitur,
365 3084 405 3145 cle
427 3084 543 3167 quibua
566 3080 622 3143 luo
645 3082 727 3146 loco.
761 3101 947 3149 raumara.
1009 3086 1129 3149 Melam
1152 3089 1186 3151 ln
1209 3090 1273 3153 boc

233 3188 272 3249 ab
290 3186 458 3250 Herodoto
479 3199 564 3248 recte
587 3185 758 3256 diacedere,
784 3199 817 3247 et
837 3189 973 3249 omuino
989 3187 1100 3251 lllrum
1116 3188 1197 3254 Nilo
1213 3191 1273 3255 ella

220 3272 409 3354 minorem.
441 3285 652 3358 recentiores,
687 3288 741 3368 qui
766 3287 934 3351 amborum
956 3288 1029 3351 ollia
1053 3291 1181 3364 videre,
1216 3306 1276 3356 tra·

233 3390 332 3458 dunt,
374 3400 407 3450 et
439 3388 604 3451 Diodorou
638 3390 763 3452 Siculus
787 3409 815 3459 r,
841 3402 874 3469 3.
928 3390 1090 3453 Sallulilua
1118 3396 1274 3473 proximu

214 3486 454 3587 'magrrr'tudiue
474 3488 548 3551 Nili
566 3480 632 3578 effi
659 3488 776 3581 Istrum
800 3491 844 3552 ait
868 3493 953 3573 apud
977 3493 1138 3575 llgelllum
1161 3515 1217 3568 ro.
1231 3511 1273 3573 .7.

234 3607 447 3653 ciaccotltva.
499 3591 650 3654 Accurare
669 3592 707 3652 lic
725 3593 789 3674 agit
810 3594 905 3654 etiam
924 3593 1027 3661 Mela.
1060 3597 1216 3675 quoniam
1238 3598 1272 3658 in

232 3691 398 3755 Oceanum
428 3704 511 3752 certe
545 3706 708 3772 permeant
738 3692 872 3755 maiorer
899 3713 1024 3765 amnes,
1059 3707 1097 3757 ut
1119 3697 1273 3761 tollantur

231 3794 272 3855 de
299 3794 380 3853 ludo
408 3805 440 3852 et
466 3792 576 3876 Gange
604 3795 753 3855 Arrianur
775 3806 808 3855 et
832 3794 896 3857 alii.
933 3815 957 3859 r.
978 3813 1177 3862 ononovrvr
1193 3800 1271 3863 MS.

232 3894 416 3959 Maximum
434 3908 526 3954 vocat
548 3896 644 3956 otiam
667 3894 829 3956 Diodorou
849 3915 875 3956 o.
899 3895 920 3956 l.
956 3899 1013 3982 qui
1036 3918 1110 3961 oum
1132 3901 1273 3988 ambagi-

232 3995 292 4057 bus
320 3994 366 4056 illi
390 3994 502 4058 tribuit
529 4013 648 4060 reooo
673 3993 784 4070 lladir,
818 3996 933 4063 Strabo
963 4020 992 4063 ι.
1019 4020 1055 4095 p.
1076 4015 1138 4066 aa.
1160 4000 1185 4069 l.-
1208 4016 1270 4087 52.

229 4097 325 4165 troia
349 4112 459 4163 rooo.
