<?xml version="1.0" encoding="UTF-8"?>
<!DOCTYPE html PUBLIC "-//W3C//DTD XHTML 1.0 Transitional//EN"
    "http://www.w3.org/TR/xhtml1/DTD/xhtml1-transitional.dtd">
<html xmlns="http://www.w3.org/1999/xhtml" xml:lang="en" lang="en">
 <head>
  <title>
</title>
<meta http-equiv="Content-Type" content="text/html;charset=utf-8" />
  <meta name='ocr-system' content='tesseract 3.04.00' />
  <meta name='ocr-capabilities' content='ocr_page ocr_carea ocr_par ocr_line ocrx_word'/>
</head>
<body>
  <div class='ocr_page' id='page_1' title='image "./desitvorbislibr00melagoog_0128.png"; bbox 0 0 2634 4716; ppageno 0'>
   <div class='ocr_carea' id='block_1_1' title="bbox 223 388 1121 468">
    <p class='ocr_par' dir='ltr' id='par_1_1' title="bbox 223 388 1121 468">
     <span class='ocr_line' id='line_1_1' title="bbox 223 388 1121 468; baseline 0.004 -21"><span class='ocrx_word' id='word_1_1' title='bbox 223 388 276 449; x_wconf 84' lang='lat' dir='ltr'><strong>ru</strong></span> <span class='ocrx_word' id='word_1_2' title='bbox 305 390 580 454; x_wconf 67' lang='lat' dir='ltr'><strong>nonnum„</strong></span> <span class='ocrx_word' id='word_1_3' title='bbox 622 392 659 453; x_wconf 81' lang='lat' dir='ltr'><strong>a.</strong></span> <span class='ocrx_word' id='word_1_4' title='bbox 681 395 706 450; x_wconf 91' lang='lat' dir='ltr'><strong>r.</strong></span> <span class='ocrx_word' id='word_1_5' title='bbox 748 392 782 453; x_wconf 88' lang='lat' dir='ltr'><strong>c.</strong></span> <span class='ocrx_word' id='word_1_6' title='bbox 803 388 848 453; x_wconf 78' lang='lat' dir='ltr'><strong>u·</strong></span> <span class='ocrx_word' id='word_1_7' title='bbox 882 392 909 464; x_wconf 76' lang='grc' dir='ltr'><strong>ς.</strong></span> <span class='ocrx_word' id='word_1_8' title='bbox 934 413 962 451; x_wconf 76' lang='grc' dir='ltr'><strong>ι.</strong></span> <span class='ocrx_word' id='word_1_9' title='bbox 1060 404 1121 468; x_wconf 70' lang='lat'><strong>225</strong></span> 
     </span>
    </p>
   </div>
   <div class='ocr_carea' id='block_1_2' title="bbox 68 561 1207 4023">
    <p class='ocr_par' dir='ltr' id='par_1_2' title="bbox 68 561 1207 4023">
     <span class='ocr_line' id='line_1_2' title="bbox 71 561 1123 654; baseline 0 -23"><span class='ocrx_word' id='word_1_10' title='bbox 71 564 215 631; x_wconf 77' lang='lat' dir='ltr'><strong>nuvium</strong></span> <span class='ocrx_word' id='word_1_11' title='bbox 239 564 451 649; x_wconf 67' lang='lat' dir='ltr'><strong>Otylematt.</strong></span> <span class='ocrx_word' id='word_1_12' title='bbox 482 564 620 633; x_wconf 81' lang='lat' dir='ltr'><strong>lubiicit.</strong></span> <span class='ocrx_word' id='word_1_13' title='bbox 672 566 778 654; x_wconf 84' lang='lat' dir='ltr'><strong>Negat</strong></span> <span class='ocrx_word' id='word_1_14' title='bbox 807 561 1056 652; x_wconf 76' lang='lat' dir='ltr'><strong>igiturV&#39;ossiur</strong></span> <span class='ocrx_word' id='word_1_15' title='bbox 1081 567 1123 631; x_wconf 84' lang='lat' dir='ltr'><strong>ad</strong></span> 
     </span>
     <span class='ocr_line' id='line_1_3' title="bbox 71 667 1124 751; baseline -0.001 -19"><span class='ocrx_word' id='word_1_16' title='bbox 71 670 173 733; x_wconf 77' lang='lat' dir='ltr'><strong>duem</strong></span> <span class='ocrx_word' id='word_1_17' title='bbox 189 667 287 731; x_wconf 74' lang='lat' dir='ltr'><strong>huius</strong></span> <span class='ocrx_word' id='word_1_18' title='bbox 302 670 414 751; x_wconf 81' lang='lat' dir='ltr'><strong>capitia</strong></span> <span class='ocrx_word' id='word_1_19' title='bbox 426 669 591 733; x_wconf 79' lang='lat' dir='ltr'><strong>Strabonis</strong></span> <span class='ocrx_word' id='word_1_20' title='bbox 605 682 638 733; x_wconf 90' lang='lat' dir='ltr'><strong>et</strong></span> <span class='ocrx_word' id='word_1_21' title='bbox 655 669 837 733; x_wconf 80' lang='lat' dir='ltr'><strong>Ptolemaei</strong></span> <span class='ocrx_word' id='word_1_22' title='bbox 851 669 1040 733; x_wconf 80' lang='lat' dir='ltr'><strong>Molochath</strong></span> <span class='ocrx_word' id='word_1_23' title='bbox 1057 669 1124 733; x_wconf 88' lang='lat' dir='ltr'><strong>huc</strong></span> 
     </span>
     <span class='ocr_line' id='line_1_4' title="bbox 71 768 1123 861; baseline 0 -28"><span class='ocrx_word' id='word_1_24' title='bbox 71 768 185 833; x_wconf 82' lang='lat' dir='ltr'><strong>referri</strong></span> <span class='ocrx_word' id='word_1_25' title='bbox 218 768 319 853; x_wconf 85' lang='lat' dir='ltr'><strong>pulle,</strong></span> <span class='ocrx_word' id='word_1_26' title='bbox 356 773 490 857; x_wconf 80' lang='lat' dir='ltr'><strong>eiusque</strong></span> <span class='ocrx_word' id='word_1_27' title='bbox 524 770 715 853; x_wconf 76' lang='lat' dir='ltr'><strong>Chylematlr</strong></span> <span class='ocrx_word' id='word_1_28' title='bbox 742 768 952 861; x_wconf 71' lang='grc' dir='ltr'>(Χυλημᾰθ)</span> <span class='ocrx_word' id='word_1_29' title='bbox 977 771 1123 833; x_wconf 83' lang='lat' dir='ltr'><strong>eundem</strong></span> 
     </span>
     <span class='ocr_line' id='line_1_5' title="bbox 68 870 1124 960; baseline 0.002 -27"><span class='ocrx_word' id='word_1_30' title='bbox 68 884 175 955; x_wconf 78' lang='lat' dir='ltr'><strong>putat,</strong></span> <span class='ocrx_word' id='word_1_31' title='bbox 198 871 372 956; x_wconf 76' lang='lat' dir='ltr'><strong>depmvato</strong></span> <span class='ocrx_word' id='word_1_32' title='bbox 386 877 523 938; x_wconf 91' lang='lat' dir='ltr'><strong>nomine</strong></span> <span class='ocrx_word' id='word_1_33' title='bbox 536 893 595 956; x_wconf 88' lang='lat' dir='ltr'><strong>pru</strong></span> <span class='ocrx_word' id='word_1_34' title='bbox 613 870 814 960; x_wconf 73' lang='grc' dir='ltr'><strong>Μυλυχᾰ9;</strong></span> <span class='ocrx_word' id='word_1_35' title='bbox 841 878 912 936; x_wconf 85' lang='lat' dir='ltr'><strong>eiua</strong></span> <span class='ocrx_word' id='word_1_36' title='bbox 925 871 1124 937; x_wconf 72' lang='lat' dir='ltr'><strong><em>Molochath</em></strong></span> 
     </span>
     <span class='ocr_line' id='line_1_6' title="bbox 69 973 1124 1061; baseline 0.006 -26"><span class='ocrx_word' id='word_1_37' title='bbox 69 974 171 1060; x_wconf 72' lang='lat' dir='ltr'><strong>longe</strong></span> <span class='ocrx_word' id='word_1_38' title='bbox 186 973 264 1037; x_wconf 88' lang='lat' dir='ltr'><strong>hinc</strong></span> <span class='ocrx_word' id='word_1_39' title='bbox 282 973 424 1041; x_wconf 81' lang='lat' dir='ltr'><strong>abluiile.</strong></span> <span class='ocrx_word' id='word_1_40' title='bbox 457 975 588 1038; x_wconf 80' lang='lat' dir='ltr'><strong>Testem</strong></span> <span class='ocrx_word' id='word_1_41' title='bbox 601 990 711 1039; x_wconf 88' lang='lat' dir='ltr'><strong>autem</strong></span> <span class='ocrx_word' id='word_1_42' title='bbox 725 991 880 1061; x_wconf 81' lang='lat' dir='ltr'><strong>provocat</strong></span> <span class='ocrx_word' id='word_1_43' title='bbox 892 975 1037 1038; x_wconf 78' lang='lat' dir='ltr'>Plinium</span> <span class='ocrx_word' id='word_1_44' title='bbox 1053 994 1081 1037; x_wconf 80' lang='lat' dir='ltr'><strong>o.</strong></span> <span class='ocrx_word' id='word_1_45' title='bbox 1098 974 1124 1041; x_wconf 81' lang='grc' dir='ltr'><strong>Ι.</strong></span> 
     </span>
     <span class='ocr_line' id='line_1_7' title="bbox 70 1075 1125 1163; baseline 0 -26"><span class='ocrx_word' id='word_1_46' title='bbox 70 1078 126 1159; x_wconf 83' lang='lat' dir='ltr'><strong>qui</strong></span> <span class='ocrx_word' id='word_1_47' title='bbox 140 1076 331 1153; x_wconf 80' lang='lat' dir='ltr'><strong>Mulucham</strong></span> <span class='ocrx_word' id='word_1_48' title='bbox 347 1077 492 1141; x_wconf 83' lang='lat' dir='ltr'><strong>iintiliter</strong></span> <span class='ocrx_word' id='word_1_49' title='bbox 508 1080 593 1141; x_wconf 88' lang='lat' dir='ltr'><strong>iuter</strong></span> <span class='ocrx_word' id='word_1_50' title='bbox 610 1080 746 1142; x_wconf 87' lang='lat' dir='ltr'><strong>Portum</strong></span> <span class='ocrx_word' id='word_1_51' title='bbox 762 1080 966 1163; x_wconf 79' lang='lat' dir='ltr'><strong>Magnum-et</strong></span> <span class='ocrx_word' id='word_1_52' title='bbox 983 1075 1125 1160; x_wconf 69' lang='lat' dir='ltr'><strong>Quicum</strong></span> 
     </span>
     <span class='ocr_line' id='line_1_8' title="bbox 72 1174 1124 1271; baseline 0.001 -33"><span class='ocrx_word' id='word_1_53' title='bbox 72 1178 234 1240; x_wconf 85' lang='lat' dir='ltr'><strong>conlucet.</strong></span> <span class='ocrx_word' id='word_1_54' title='bbox 275 1180 315 1241; x_wconf 89' lang='lat' dir='ltr'><strong>ht</strong></span> <span class='ocrx_word' id='word_1_55' title='bbox 329 1178 495 1243; x_wconf 73' lang='lat' dir='ltr'>Strabonis</span> <span class='ocrx_word' id='word_1_56' title='bbox 510 1194 620 1243; x_wconf 82' lang='lat' dir='ltr'><strong>tamen</strong></span> <span class='ocrx_word' id='word_1_57' title='bbox 634 1181 823 1244; x_wconf 80' lang='lat' dir='ltr'><strong>Molochath</strong></span> <span class='ocrx_word' id='word_1_58' title='bbox 839 1174 987 1244; x_wconf 76' lang='lat' dir='ltr'><strong>Velitum</strong></span> <span class='ocrx_word' id='word_1_59' title='bbox 1001 1176 1124 1271; x_wconf 73' lang='lat' dir='ltr'><strong>errallo,</strong></span> 
     </span>
     <span class='ocr_line' id='line_1_9' title="bbox 72 1277 1124 1366; baseline 0 -23"><span class='ocrx_word' id='word_1_60' title='bbox 72 1298 112 1343; x_wconf 84' lang='lat' dir='ltr'><strong>err</strong></span> <span class='ocrx_word' id='word_1_61' title='bbox 135 1279 220 1343; x_wconf 84' lang='lat' dir='ltr'><strong>lucia</strong></span> <span class='ocrx_word' id='word_1_62' title='bbox 240 1277 378 1345; x_wconf 75' lang='lat' dir='ltr'><strong>conlui·</strong></span> <span class='ocrx_word' id='word_1_63' title='bbox 401 1285 537 1363; x_wconf 86' lang='lat' dir='ltr'><strong>¹monuit</strong></span> <span class='ocrx_word' id='word_1_64' title='bbox 556 1282 714 1345; x_wconf 82' lang='lat' dir='ltr'><strong>Cellariua</strong></span> <span class='ocrx_word' id='word_1_65' title='bbox 744 1283 779 1344; x_wconf 91' lang='lat' dir='ltr'><strong>in</strong></span> <span class='ocrx_word' id='word_1_66' title='bbox 802 1283 921 1366; x_wconf 85' lang='lat' dir='ltr'><strong>Geogr.</strong></span> <span class='ocrx_word' id='word_1_67' title='bbox 942 1294 1009 1343; x_wconf 87' lang='lat' dir='ltr'><strong>ant.</strong></span> <span class='ocrx_word' id='word_1_68' title='bbox 1028 1288 1064 1357; x_wconf 77' lang='grc'><strong>4,</strong></span> <span class='ocrx_word' id='word_1_69' title='bbox 1088 1279 1124 1349; x_wconf 83' lang='lat'><strong>6,</strong></span> 
     </span>
     <span class='ocr_line' id='line_1_10' title="bbox 77 1374 1126 1469; baseline 0.005 -27"><span class='ocrx_word' id='word_1_70' title='bbox 77 1398 134 1461; x_wconf 82' lang='lat'><strong>¹9·</strong></span> <span class='ocrx_word' id='word_1_71' title='bbox 157 1379 356 1446; x_wconf 73' lang='lat' dir='ltr'><strong>adsentiente</strong></span> <span class='ocrx_word' id='word_1_72' title='bbox 377 1383 432 1446; x_wconf 90' lang='lat' dir='ltr'><strong>hic</strong></span> <span class='ocrx_word' id='word_1_73' title='bbox 454 1385 640 1449; x_wconf 86' lang='lat' dir='ltr'><strong>l’erizcuio.</strong></span> <span class='ocrx_word' id='word_1_74' title='bbox 690 1386 743 1449; x_wconf 89' lang='lat' dir='ltr'><strong>De</strong></span> <span class='ocrx_word' id='word_1_75' title='bbox 758 1384 937 1447; x_wconf 87' lang='lat' dir='ltr'><strong>Ptolemaei</strong></span> <span class='ocrx_word' id='word_1_76' title='bbox 953 1374 1126 1469; x_wconf 64' lang='grc' dir='ltr'>Χυλῃμᾶθ</span> 
     </span>
     <span class='ocr_line' id='line_1_11' title="bbox 71 1482 1126 1570; baseline 0.002 -25"><span class='ocrx_word' id='word_1_77' title='bbox 71 1484 183 1545; x_wconf 81' lang='lat' dir='ltr'><strong>minor</strong></span> <span class='ocrx_word' id='word_1_78' title='bbox 200 1483 249 1545; x_wconf 85' lang='lat' dir='ltr'><strong>&#39;lit</strong></span> <span class='ocrx_word' id='word_1_79' title='bbox 271 1484 450 1558; x_wconf 83' lang='lat' dir='ltr'><strong>dubitatio,</strong></span> <span class='ocrx_word' id='word_1_80' title='bbox 485 1488 521 1547; x_wconf 88' lang='lat' dir='ltr'><strong>in</strong></span> <span class='ocrx_word' id='word_1_81' title='bbox 543 1507 607 1570; x_wconf 89' lang='lat' dir='ltr'><strong>quo</strong></span> <span class='ocrx_word' id='word_1_82' title='bbox 628 1487 728 1550; x_wconf 90' lang='lat' dir='ltr'><strong>etiam</strong></span> <span class='ocrx_word' id='word_1_83' title='bbox 750 1500 875 1569; x_wconf 87' lang='lat' dir='ltr'><strong>praeter</strong></span> <span class='ocrx_word' id='word_1_84' title='bbox 899 1484 978 1547; x_wconf 84' lang='lat' dir='ltr'><strong>alioe</strong></span> <span class='ocrx_word' id='word_1_85' title='bbox 1001 1482 1126 1547; x_wconf 86' lang='lat' dir='ltr'><strong>accedit</strong></span> 
     </span>
     <span class='ocr_line' id='line_1_12' title="bbox 70 1582 1126 1673; baseline -0.002 -24"><span class='ocrx_word' id='word_1_86' title='bbox 70 1584 169 1649; x_wconf 70' lang='lat' dir='ltr'><strong>sunu</strong></span> <span class='ocrx_word' id='word_1_87' title='bbox 189 1603 218 1647; x_wconf 90' lang='lat' dir='ltr'><strong>c.</strong></span> <span class='ocrx_word' id='word_1_88' title='bbox 243 1585 265 1650; x_wconf 88' lang='lat'><strong>1.</strong></span> <span class='ocrx_word' id='word_1_89' title='bbox 287 1606 356 1670; x_wconf 85' lang='lat' dir='ltr'><strong>cap.</strong></span> <span class='ocrx_word' id='word_1_90' title='bbox 379 1604 414 1652; x_wconf 82' lang='lat' dir='ltr'><strong>a.</strong></span> <span class='ocrx_word' id='word_1_91' title='bbox 435 1609 469 1670; x_wconf 89' lang='lat' dir='ltr'><strong>p.</strong></span> <span class='ocrx_word' id='word_1_92' title='bbox 492 1601 548 1666; x_wconf 83' lang='lat'><strong>15.</strong></span> <span class='ocrx_word' id='word_1_93' title='bbox 583 1590 641 1671; x_wconf 90' lang='lat' dir='ltr'><strong>qui</strong></span> <span class='ocrx_word' id='word_1_94' title='bbox 662 1602 770 1673; x_wconf 84' lang='lat' dir='ltr'><strong>putat,</strong></span> <span class='ocrx_word' id='word_1_95' title='bbox 796 1586 988 1649; x_wconf 82' lang='lat' dir='ltr'><strong>Mulucham</strong></span> <span class='ocrx_word' id='word_1_96' title='bbox 1006 1582 1126 1666; x_wconf 61' lang='lat' dir='ltr'><strong>polleat</strong></span> 
     </span>
     <span class='ocr_line' id='line_1_13' title="bbox 70 1670 1207 1776; baseline 0 -27"><span class='ocrx_word' id='word_1_97' title='bbox 70 1698 201 1749; x_wconf 85' lang='lat' dir='ltr'><strong>mutato</strong></span> <span class='ocrx_word' id='word_1_98' title='bbox 222 1690 367 1761; x_wconf 85' lang='lat' dir='ltr'><strong>nomine,</strong></span> <span class='ocrx_word' id='word_1_99' title='bbox 390 1690 445 1752; x_wconf 83' lang='lat' dir='ltr'><strong>vel</strong></span> <span class='ocrx_word' id='word_1_100' title='bbox 465 1690 505 1753; x_wconf 81' lang='lat' dir='ltr'><strong>acl</strong></span> <span class='ocrx_word' id='word_1_101' title='bbox 520 1691 712 1754; x_wconf 85' lang='lat' dir='ltr'><strong>Maurorum</strong></span> <span class='ocrx_word' id='word_1_102' title='bbox 724 1691 868 1776; x_wconf 81' lang='lat' dir='ltr'><strong>linguam</strong></span> <span class='ocrx_word' id='word_1_103' title='bbox 882 1687 983 1771; x_wconf 78' lang='lat' dir='ltr'><strong>magis</strong></span> <span class='ocrx_word' id='word_1_104' title='bbox 1002 1670 1127 1749; x_wconf 71' lang='lat' dir='ltr'><strong>accom-</strong></span> <span class='ocrx_word' id='word_1_105' title='bbox 1198 1680 1207 1689; x_wconf 80' lang='grc'><strong>’</strong></span> 
     </span>
     <span class='ocr_line' id='line_1_14' title="bbox 70 1788 1127 1860; baseline -0.001 -9"><span class='ocrx_word' id='word_1_106' title='bbox 70 1788 225 1859; x_wconf 75' lang='lat' dir='ltr'><strong>nodato.</strong></span> <span class='ocrx_word' id='word_1_107' title='bbox 256 1790 400 1852; x_wconf 90' lang='lat' dir='ltr'><strong>Maluam</strong></span> <span class='ocrx_word' id='word_1_108' title='bbox 423 1792 547 1854; x_wconf 88' lang='lat' dir='ltr'><strong>dictum</strong></span> <span class='ocrx_word' id='word_1_109' title='bbox 569 1792 630 1858; x_wconf 81' lang='lat' dir='ltr'><strong>elle</strong></span> <span class='ocrx_word' id='word_1_110' title='bbox 652 1793 729 1857; x_wconf 91' lang='lat' dir='ltr'><strong>inde</strong></span> <span class='ocrx_word' id='word_1_111' title='bbox 748 1791 989 1860; x_wconf 79' lang='lat' dir='ltr'><strong>al&#39;tolemaeo.</strong></span> <span class='ocrx_word' id='word_1_112' title='bbox 1022 1788 1067 1850; x_wconf 86' lang='lat' dir='ltr'><strong>ita</strong></span> <span class='ocrx_word' id='word_1_113' title='bbox 1088 1798 1127 1851; x_wconf 88' lang='lat' dir='ltr'><strong>ut</strong></span> 
     </span>
     <span class='ocr_line' id='line_1_15' title="bbox 70 1888 1127 1976; baseline 0.001 -24"><span class='ocrx_word' id='word_1_114' title='bbox 70 1888 264 1973; x_wconf 78' lang='lat' dir='ltr'><strong>polierioree</strong></span> <span class='ocrx_word' id='word_1_115' title='bbox 298 1890 458 1975; x_wconf 80' lang='lat' dir='ltr'><strong>luhprelio</strong></span> <span class='ocrx_word' id='word_1_116' title='bbox 491 1894 646 1957; x_wconf 90' lang='lat' dir='ltr'><strong>Mulucha</strong></span> <span class='ocrx_word' id='word_1_117' title='bbox 677 1893 800 1976; x_wconf 87' lang='lat' dir='ltr'><strong>lemper</strong></span> <span class='ocrx_word' id='word_1_118' title='bbox 833 1892 974 1954; x_wconf 78' lang='lat' dir='ltr'><strong>dixerint</strong></span> <span class='ocrx_word' id='word_1_119' title='bbox 1006 1890 1127 1962; x_wconf 77' lang='lat' dir='ltr'><strong>Malae,</strong></span> 
     </span>
     <span class='ocr_line' id='line_1_16' title="bbox 73 1990 1127 2075; baseline 0.004 -24"><span class='ocrx_word' id='word_1_120' title='bbox 73 2002 188 2054; x_wconf 76' lang='lat' dir='ltr'><strong>coum</strong></span> <span class='ocrx_word' id='word_1_121' title='bbox 205 1994 349 2075; x_wconf 60' lang='lat' dir='ltr'><strong>priorem</strong></span> <span class='ocrx_word' id='word_1_122' title='bbox 379 1997 607 2075; x_wconf 86' lang='lat' dir='ltr'><strong>nequeenim,</strong></span> <span class='ocrx_word' id='word_1_123' title='bbox 633 1994 655 2055; x_wconf 80' lang='lat' dir='ltr'><strong>fi</strong></span> <span class='ocrx_word' id='word_1_124' title='bbox 672 1995 788 2058; x_wconf 79' lang='lat' dir='ltr'><strong>diversa</strong></span> <span class='ocrx_word' id='word_1_125' title='bbox 805 1991 933 2056; x_wconf 82' lang='lat' dir='ltr'><strong>iuilleut</strong></span> <span class='ocrx_word' id='word_1_126' title='bbox 948 1993 1060 2062; x_wconf 81' lang='lat' dir='ltr'><strong>duvii,</strong></span> <span class='ocrx_word' id='word_1_127' title='bbox 1084 1990 1127 2055; x_wconf 79' lang='lat' dir='ltr'><strong>fic</strong></span> 
     </span>
     <span class='ocr_line' id='line_1_17' title="bbox 71 2092 1126 2182; baseline 0.002 -27"><span class='ocrx_word' id='word_1_128' title='bbox 71 2092 266 2157; x_wconf 81' lang='lat' dir='ltr'><strong>alterutrum</strong></span> <span class='ocrx_word' id='word_1_129' title='bbox 281 2114 405 2159; x_wconf 85' lang='lat' dir='ltr'><strong>nomen</strong></span> <span class='ocrx_word' id='word_1_130' title='bbox 422 2097 627 2182; x_wconf 84' lang='lat' dir='ltr'><strong>incognitum</strong></span> <span class='ocrx_word' id='word_1_131' title='bbox 640 2116 769 2159; x_wconf 86' lang='lat' dir='ltr'><strong>manere</strong></span> <span class='ocrx_word' id='word_1_132' title='bbox 785 2095 939 2178; x_wconf 73' lang='lat' dir='ltr'><strong>pumilio,</strong></span> <span class='ocrx_word' id='word_1_133' title='bbox 964 2107 1000 2157; x_wconf 89' lang='lat' dir='ltr'><strong>et</strong></span> <span class='ocrx_word' id='word_1_134' title='bbox 1015 2107 1126 2175; x_wconf 80' lang='lat' dir='ltr'><strong>aperte</strong></span> 
     </span>
     <span class='ocr_line' id='line_1_18' title="bbox 72 2194 1127 2269; baseline 0 -13"><span class='ocrx_word' id='word_1_135' title='bbox 72 2194 219 2257; x_wconf 82' lang='lat' dir='ltr'><strong>Maluam</strong></span> <span class='ocrx_word' id='word_1_136' title='bbox 237 2196 310 2259; x_wconf 84' lang='lat' dir='ltr'><strong>&#39;dici</strong></span> <span class='ocrx_word' id='word_1_137' title='bbox 337 2198 415 2260; x_wconf 86' lang='lat' dir='ltr'><strong>duaa</strong></span> <span class='ocrx_word' id='word_1_138' title='bbox 440 2198 654 2263; x_wconf 83' lang='lat' dir='ltr'><strong>Mauretaniae</strong></span> <span class='ocrx_word' id='word_1_139' title='bbox 678 2197 855 2269; x_wconf 86' lang='lat' dir='ltr'><strong>diremille;</strong></span> <span class='ocrx_word' id='word_1_140' title='bbox 901 2196 941 2258; x_wconf 79' lang='lat' dir='ltr'><strong>alr</strong></span> <span class='ocrx_word' id='word_1_141' title='bbox 968 2194 1127 2257; x_wconf 78' lang='lat' dir='ltr'><strong>Arabibua</strong></span> 
     </span>
     <span class='ocr_line' id='line_1_19' title="bbox 72 2294 1127 2369; baseline -0.002 -8"><span class='ocrx_word' id='word_1_142' title='bbox 72 2296 176 2361; x_wconf 82' lang='lat' dir='ltr'><strong>hodie</strong></span> <span class='ocrx_word' id='word_1_143' title='bbox 199 2299 308 2360; x_wconf 80' lang='lat' dir='ltr'><strong>vocari</strong></span> <span class='ocrx_word' id='word_1_144' title='bbox 331 2299 473 2363; x_wconf 80' lang='lat' dir='ltr'><strong>Malou&#39;r&#39;a</strong></span> <span class='ocrx_word' id='word_1_145' title='bbox 496 2298 517 2362; x_wconf 86' lang='lat' dir='ltr'><strong>l.</strong></span> <span class='ocrx_word' id='word_1_146' title='bbox 542 2299 642 2359; x_wconf 89' lang='lat' dir='ltr'><strong>Mul·</strong></span> <span class='ocrx_word' id='word_1_147' title='bbox 658 2301 762 2369; x_wconf 79' lang='lat' dir='ltr'><strong>looia‚</strong></span> <span class='ocrx_word' id='word_1_148' title='bbox 801 2311 835 2359; x_wconf 88' lang='lat' dir='ltr'><strong>et</strong></span> <span class='ocrx_word' id='word_1_149' title='bbox 859 2299 1038 2357; x_wconf 85' lang='lat' dir='ltr'><strong>maximum</strong></span> <span class='ocrx_word' id='word_1_150' title='bbox 1062 2294 1127 2359; x_wconf 77' lang='lat' dir='ltr'><strong>etro</strong></span> 
     </span>
     <span class='ocr_line' id='line_1_20' title="bbox 72 2394 1125 2485; baseline -0.005 -23"><span class='ocrx_word' id='word_1_151' title='bbox 72 2399 149 2462; x_wconf 83' lang='lat' dir='ltr'><strong>eiua</strong></span> <span class='ocrx_word' id='word_1_152' title='bbox 175 2400 324 2485; x_wconf 74' lang='lat' dir='ltr'><strong>regiouie·</strong></span> <span class='ocrx_word' id='word_1_153' title='bbox 343 2401 499 2473; x_wconf 79' lang='lat' dir='ltr'><strong>flurium,</strong></span> <span class='ocrx_word' id='word_1_154' title='bbox 531 2403 587 2483; x_wconf 88' lang='lat' dir='ltr'><strong>qui</strong></span> <span class='ocrx_word' id='word_1_155' title='bbox 618 2413 728 2464; x_wconf 87' lang='lat' dir='ltr'><strong>contra</strong></span> <span class='ocrx_word' id='word_1_156' title='bbox 754 2399 927 2462; x_wconf 82' lang='lat' dir='ltr'><strong>Almeriam</strong></span> <span class='ocrx_word' id='word_1_157' title='bbox 953 2394 1125 2478; x_wconf 72' lang='lat' dir='ltr'><strong>Hispaniae¹</strong></span> 
     </span>
     <span class='ocr_line' id='line_1_21' title="bbox 72 2496 1127 2587; baseline -0.006 -24"><span class='ocrx_word' id='word_1_158' title='bbox 72 2499 256 2565; x_wconf 81' lang='lat' dir='ltr'><strong>evolvatur.</strong></span> <span class='ocrx_word' id='word_1_159' title='bbox 305 2503 380 2565; x_wconf 81' lang='lat' dir='ltr'><strong>Poll</strong></span> <span class='ocrx_word' id='word_1_160' title='bbox 402 2516 511 2564; x_wconf 85' lang='lat' dir='ltr'><strong>tamen</strong></span> <span class='ocrx_word' id='word_1_161' title='bbox 533 2523 601 2586; x_wconf 88' lang='lat' dir='ltr'><strong>cap.</strong></span> <span class='ocrx_word' id='word_1_162' title='bbox 620 2516 702 2587; x_wconf 56' lang='grc' dir='ltr'><strong>οφ.</strong></span> <span class='ocrx_word' id='word_1_163' title='bbox 727 2513 782 2582; x_wconf 75' lang='lat'><strong>18.</strong></span> <span class='ocrx_word' id='word_1_164' title='bbox 804 2501 924 2561; x_wconf 83' lang='lat' dir='ltr'><strong>Melam</strong></span> <span class='ocrx_word' id='word_1_165' title='bbox 940 2496 1066 2567; x_wconf 78' lang='lat' dir='ltr'><strong>attalia,</strong></span> <span class='ocrx_word' id='word_1_166' title='bbox 1091 2508 1127 2559; x_wconf 84' lang='lat' dir='ltr'><strong>et</strong></span> 
     </span>
     <span class='ocr_line' id='line_1_22' title="bbox 73 2600 1128 2687; baseline -0.004 -22"><span class='ocrx_word' id='word_1_167' title='bbox 73 2602 267 2665; x_wconf 86' lang='lat' dir='ltr'><strong>Mulucham</strong></span> <span class='ocrx_word' id='word_1_168' title='bbox 293 2624 353 2687; x_wconf 85' lang='lat' dir='ltr'><strong>pro</strong></span> <span class='ocrx_word' id='word_1_169' title='bbox 379 2606 487 2666; x_wconf 82' lang='lat' dir='ltr'><strong>Malva</strong></span> <span class='ocrx_word' id='word_1_170' title='bbox 510 2624 585 2666; x_wconf 90' lang='lat' dir='ltr'><strong>curu</strong></span> <span class='ocrx_word' id='word_1_171' title='bbox 611 2604 721 2668; x_wconf 78' lang='lat' dir='ltr'><strong>Plinio</strong></span> <span class='ocrx_word' id='word_1_172' title='bbox 751 2604 836 2667; x_wconf 85' lang='lat' dir='ltr'><strong>male</strong></span> <span class='ocrx_word' id='word_1_173' title='bbox 864 2619 966 2684; x_wconf 89' lang='lat' dir='ltr'><strong>prope</strong></span> <span class='ocrx_word' id='word_1_174' title='bbox 989 2600 1128 2661; x_wconf 89' lang='lat' dir='ltr'><strong>Portum</strong></span> 
     </span>
     <span class='ocr_line' id='line_1_23' title="bbox 73 2702 1126 2789; baseline -0.008 -20"><span class='ocrx_word' id='word_1_175' title='bbox 73 2704 236 2789; x_wconf 73' lang='lat' dir='ltr'><strong>Magnum</strong></span> <span class='ocrx_word' id='word_1_176' title='bbox 250 2704 385 2789; x_wconf 72' lang='lat' dir='ltr'><strong>porcille</strong></span> <span class='ocrx_word' id='word_1_177' title='bbox 406 2706 578 2777; x_wconf 81' lang='lat' dir='ltr'><strong>existimat,</strong></span> <span class='ocrx_word' id='word_1_178' title='bbox 603 2706 662 2767; x_wconf 88' lang='lat' dir='ltr'><strong>ubi</strong></span> <span class='ocrx_word' id='word_1_179' title='bbox 679 2706 787 2770; x_wconf 78' lang='lat' dir='ltr'><strong>nanu·</strong></span> <span class='ocrx_word' id='word_1_180' title='bbox 803 2704 980 2788; x_wconf 86' lang='lat' dir='ltr'><strong>reperiatur.</strong></span> <span class='ocrx_word' id='word_1_181' title='bbox 996 2702 1126 2773; x_wconf 81' lang='lat' dir='ltr'><strong>fluviae,</strong></span> 
     </span>
     <span class='ocr_line' id='line_1_24' title="bbox 74 2803 1127 2894; baseline -0.004 -25"><span class='ocrx_word' id='word_1_182' title='bbox 74 2808 199 2887; x_wconf 82' lang='lat' dir='ltr'><strong>inquo</strong></span> <span class='ocrx_word' id='word_1_183' title='bbox 220 2808 352 2889; x_wconf 78' lang='lat' dir='ltr'><strong>quidem</strong></span> <span class='ocrx_word' id='word_1_184' title='bbox 377 2808 433 2869; x_wconf 82' lang='lat' dir='ltr'><strong>irbi</strong></span> <span class='ocrx_word' id='word_1_185' title='bbox 455 2828 633 2894; x_wconf 78' lang='lat' dir='ltr'><strong>repugnare</strong></span> <span class='ocrx_word' id='word_1_186' title='bbox 648 2809 794 2879; x_wconf 82' lang='lat' dir='ltr'><strong>videtur,</strong></span> <span class='ocrx_word' id='word_1_187' title='bbox 820 2825 895 2869; x_wconf 85' lang='lat' dir='ltr'><strong>cum</strong></span> <span class='ocrx_word' id='word_1_188' title='bbox 911 2818 1002 2865; x_wconf 86' lang='lat' dir='ltr'><strong>antea</strong></span> <span class='ocrx_word' id='word_1_189' title='bbox 1017 2803 1127 2865; x_wconf 82' lang='lat' dir='ltr'><strong>Mulu-</strong></span> 
     </span>
     <span class='ocr_line' id='line_1_25' title="bbox 74 2903 1127 2974; baseline -0.004 -3"><span class='ocrx_word' id='word_1_190' title='bbox 74 2908 171 2971; x_wconf 82' lang='lat' dir='ltr'><strong>cham</strong></span> <span class='ocrx_word' id='word_1_191' title='bbox 189 2921 221 2971; x_wconf 91' lang='lat' dir='ltr'><strong>et</strong></span> <span class='ocrx_word' id='word_1_192' title='bbox 236 2908 376 2969; x_wconf 81' lang='lat' dir='ltr'><strong>Malvarn</strong></span> <span class='ocrx_word' id='word_1_193' title='bbox 399 2912 540 2972; x_wconf 88' lang='lat' dir='ltr'><strong>eundem</strong></span> <span class='ocrx_word' id='word_1_194' title='bbox 555 2911 694 2973; x_wconf 87' lang='lat' dir='ltr'><strong>lluvium</strong></span> <span class='ocrx_word' id='word_1_195' title='bbox 711 2908 834 2974; x_wconf 79' lang='lat' dir='ltr'><strong>lecerit.</strong></span> <span class='ocrx_word' id='word_1_196' title='bbox 858 2936 910 2953; x_wconf 94' lang='grc'>-</span> <span class='ocrx_word' id='word_1_197' title='bbox 947 2903 1127 2968; x_wconf 78' lang='lat' dir='ltr'><strong>Ptolemaei</strong></span> 
     </span>
     <span class='ocr_line' id='line_1_26' title="bbox 74 3004 1136 3099; baseline -0.006 -25"><span class='ocrx_word' id='word_1_198' title='bbox 74 3004 248 3099; x_wconf 71' lang='grc' dir='ltr'><strong>Χυλημᾰθ</strong></span> <span class='ocrx_word' id='word_1_199' title='bbox 261 3011 453 3073; x_wconf 87' lang='lat' dir='ltr'><strong>Mulucham</strong></span> <span class='ocrx_word' id='word_1_200' title='bbox 471 3014 565 3074; x_wconf 85' lang='lat' dir='ltr'><strong>etiarn</strong></span> <span class='ocrx_word' id='word_1_201' title='bbox 582 3026 689 3095; x_wconf 85' lang='lat' dir='ltr'><strong>putat,</strong></span> <span class='ocrx_word' id='word_1_202' title='bbox 714 3026 766 3083; x_wconf 88' lang='lat' dir='ltr'><strong>et,</strong></span> <span class='ocrx_word' id='word_1_203' title='bbox 789 3006 998 3093; x_wconf 79' lang='lat' dir='ltr'><strong>quia-Melam</strong></span> <span class='ocrx_word' id='word_1_204' title='bbox 1013 3020 1045 3068; x_wconf 88' lang='lat' dir='ltr'><strong>et</strong></span> <span class='ocrx_word' id='word_1_205' title='bbox 1060 3006 1136 3068; x_wconf 64' lang='lat' dir='ltr'><strong>Pu:</strong></span> 
     </span>
     <span class='ocr_line' id='line_1_27' title="bbox 74 3107 1128 3196; baseline -0.006 -21"><span class='ocrx_word' id='word_1_206' title='bbox 74 3116 173 3179; x_wconf 80' lang='lat' dir='ltr'><strong>nium</strong></span> <span class='ocrx_word' id='word_1_207' title='bbox 192 3112 313 3174; x_wconf 87' lang='lat' dir='ltr'><strong>leeutua</strong></span> <span class='ocrx_word' id='word_1_208' title='bbox 330 3112 383 3185; x_wconf 84' lang='lat' dir='ltr'><strong>lit,</strong></span> <span class='ocrx_word' id='word_1_209' title='bbox 405 3116 516 3196; x_wconf 82' lang='lat' dir='ltr'><strong>procul</strong></span> <span class='ocrx_word' id='word_1_210' title='bbox 536 3135 552 3175; x_wconf 89' lang='lat' dir='ltr'><strong>a</strong></span> <span class='ocrx_word' id='word_1_211' title='bbox 569 3114 676 3176; x_wconf 75' lang='lat' dir='ltr'><strong>Mdua</strong></span> <span class='ocrx_word' id='word_1_212' title='bbox 690 3112 840 3195; x_wconf 79' lang='lat' dir='ltr'><strong>poluiffe;</strong></span> <span class='ocrx_word' id='word_1_213' title='bbox 870 3107 1058 3170; x_wconf 87' lang='lat' dir='ltr'><strong>Molochath</strong></span> <span class='ocrx_word' id='word_1_214' title='bbox 1071 3126 1128 3169; x_wconf 89' lang='lat' dir='ltr'><strong>au·</strong></span> 
     </span>
     <span class='ocr_line' id='line_1_28' title="bbox 75 3208 1124 3301; baseline -0.006 -24"><span class='ocrx_word' id='word_1_215' title='bbox 75 3229 149 3278; x_wconf 88' lang='lat' dir='ltr'><strong>tem</strong></span> <span class='ocrx_word' id='word_1_216' title='bbox 170 3234 272 3301; x_wconf 81' lang='lat' dir='ltr'><strong>prope</strong></span> <span class='ocrx_word' id='word_1_217' title='bbox 291 3216 433 3277; x_wconf 90' lang='lat' dir='ltr'><strong>Maluam</strong></span> <span class='ocrx_word' id='word_1_218' title='bbox 449 3215 615 3281; x_wconf 83' lang='lat' dir='ltr'><strong>Strabuuir</strong></span> <span class='ocrx_word' id='word_1_219' title='bbox 636 3218 814 3278; x_wconf 85' lang='lat' dir='ltr'><strong>narratione</strong></span> <span class='ocrx_word' id='word_1_220' title='bbox 834 3214 987 3281; x_wconf 66' lang='lat' dir='ltr'><strong>ductumr</strong></span> <span class='ocrx_word' id='word_1_221' title='bbox 1017 3208 1124 3271; x_wconf 89' lang='lat' dir='ltr'><strong>Molo·</strong></span> 
     </span>
     <span class='ocr_line' id='line_1_29' title="bbox 76 3309 1125 3400; baseline -0.008 -19"><span class='ocrx_word' id='word_1_222' title='bbox 76 3317 154 3381; x_wconf 84' lang='lat' dir='ltr'><strong>chat</strong></span> <span class='ocrx_word' id='word_1_223' title='bbox 170 3316 264 3400; x_wconf 84' lang='lat' dir='ltr'><strong>plane</strong></span> <span class='ocrx_word' id='word_1_224' title='bbox 279 3336 354 3379; x_wconf 88' lang='lat' dir='ltr'><strong>cum</strong></span> <span class='ocrx_word' id='word_1_225' title='bbox 370 3318 479 3380; x_wconf 83' lang='lat' dir='ltr'><strong>Malua</strong></span> <span class='ocrx_word' id='word_1_226' title='bbox 493 3319 552 3380; x_wconf 88' lang='lat' dir='ltr'><strong>litu</strong></span> <span class='ocrx_word' id='word_1_227' title='bbox 567 3320 752 3385; x_wconf 88' lang='lat' dir='ltr'><strong>convenire.</strong></span> <span class='ocrx_word' id='word_1_228' title='bbox 774 3316 816 3379; x_wconf 86' lang='lat' dir='ltr'><strong>lic</strong></span> <span class='ocrx_word' id='word_1_229' title='bbox 829 3328 868 3376; x_wconf 87' lang='lat' dir='ltr'><strong>ut</strong></span> <span class='ocrx_word' id='word_1_230' title='bbox 881 3312 998 3399; x_wconf 83' lang='lat' dir='ltr'><strong>rectiut</strong></span> <span class='ocrx_word' id='word_1_231' title='bbox 1014 3309 1125 3373; x_wconf 80' lang='lat' dir='ltr'><strong>omitti</strong></span> 
     </span>
     <span class='ocr_line' id='line_1_30' title="bbox 75 3408 1128 3503; baseline -0.008 -21"><span class='ocrx_word' id='word_1_232' title='bbox 75 3420 134 3482; x_wconf 86' lang='lat' dir='ltr'><strong>hic</strong></span> <span class='ocrx_word' id='word_1_233' title='bbox 154 3418 315 3502; x_wconf 83' lang='lat' dir='ltr'><strong>potuiffet.</strong></span> <span class='ocrx_word' id='word_1_234' title='bbox 366 3420 430 3484; x_wconf 86' lang='lat' dir='ltr'><strong>Sed</strong></span> <span class='ocrx_word' id='word_1_235' title='bbox 450 3420 539 3503; x_wconf 87' lang='lat' dir='ltr'><strong>plura</strong></span> <span class='ocrx_word' id='word_1_236' title='bbox 555 3421 640 3502; x_wconf 84' lang='lat' dir='ltr'><strong>apud</strong></span> <span class='ocrx_word' id='word_1_237' title='bbox 664 3420 756 3480; x_wconf 92' lang='lat' dir='ltr'><strong>illum</strong></span> <span class='ocrx_word' id='word_1_238' title='bbox 775 3438 807 3501; x_wconf 86' lang='lat' dir='ltr'><strong>p.</strong></span> <span class='ocrx_word' id='word_1_239' title='bbox 828 3428 870 3493; x_wconf 66' lang='grc' dir='ltr'><strong>ιθ</strong></span> <span class='ocrx_word' id='word_1_240' title='bbox 887 3413 949 3496; x_wconf 88' lang='lat' dir='ltr'><strong>qu.</strong></span> <span class='ocrx_word' id='word_1_241' title='bbox 975 3413 1038 3496; x_wconf 84' lang='lat' dir='ltr'><strong>legi</strong></span> <span class='ocrx_word' id='word_1_242' title='bbox 1058 3408 1128 3496; x_wconf 83' lang='lat' dir='ltr'><strong>pol·</strong></span> 
     </span>
     <span class='ocr_line' id='line_1_31' title="bbox 75 3514 1128 3605; baseline -0.011 -19"><span class='ocrx_word' id='word_1_243' title='bbox 75 3519 173 3593; x_wconf 67' lang='lat' dir='ltr'><strong>Iuntr</strong></span> <span class='ocrx_word' id='word_1_244' title='bbox 205 3522 321 3605; x_wconf 77' lang='lat' dir='ltr'><strong>liquit</strong></span> <span class='ocrx_word' id='word_1_245' title='bbox 342 3534 454 3605; x_wconf 81' lang='lat' dir='ltr'><strong>putet,</strong></span> <span class='ocrx_word' id='word_1_246' title='bbox 479 3523 523 3584; x_wconf 89' lang='lat' dir='ltr'><strong>ita</strong></span> <span class='ocrx_word' id='word_1_247' title='bbox 544 3518 765 3584; x_wconf 78' lang='lat' dir='ltr'><strong>difficultatem</strong></span> <span class='ocrx_word' id='word_1_248' title='bbox 781 3517 924 3603; x_wconf 82' lang='lat' dir='ltr'><strong>expediri</strong></span> <span class='ocrx_word' id='word_1_249' title='bbox 946 3515 1045 3597; x_wconf 85' lang='lat' dir='ltr'><strong>polle.</strong></span> <span class='ocrx_word' id='word_1_250' title='bbox 1091 3514 1128 3578; x_wconf 83' lang='lat' dir='ltr'><strong>st</strong></span> 
     </span>
     <span class='ocr_line' id='line_1_32' title="bbox 77 3612 1129 3707; baseline -0.008 -22"><span class='ocrx_word' id='word_1_251' title='bbox 77 3622 228 3688; x_wconf 87' lang='lat' dir='ltr'><strong>locorum</strong></span> <span class='ocrx_word' id='word_1_252' title='bbox 249 3624 346 3687; x_wconf 89' lang='lat' dir='ltr'><strong>litum</strong></span> <span class='ocrx_word' id='word_1_253' title='bbox 368 3622 487 3705; x_wconf 77' lang='lat' dir='ltr'><strong>spectet</strong></span> <span class='ocrx_word' id='word_1_254' title='bbox 504 3627 538 3685; x_wconf 91' lang='lat' dir='ltr'><strong>in</strong></span> <span class='ocrx_word' id='word_1_255' title='bbox 555 3625 759 3693; x_wconf 86' lang='lat' dir='ltr'><strong>Ptolemaeo,</strong></span> <span class='ocrx_word' id='word_1_256' title='bbox 785 3624 855 3685; x_wconf 81' lang='lat' dir='ltr'><strong>eiua</strong></span> <span class='ocrx_word' id='word_1_257' title='bbox 875 3612 1045 3707; x_wconf 69' lang='grc' dir='ltr'><strong>Χυλυμᾰθ</strong></span> <span class='ocrx_word' id='word_1_258' title='bbox 1065 3617 1129 3677; x_wconf 87' lang='lat' dir='ltr'><strong>uti·</strong></span> 
     </span>
     <span class='ocr_line' id='line_1_33' title="bbox 76 3719 1127 3809; baseline -0.007 -23"><span class='ocrx_word' id='word_1_259' title='bbox 76 3744 144 3809; x_wconf 83' lang='lat' dir='ltr'><strong>que</strong></span> <span class='ocrx_word' id='word_1_260' title='bbox 174 3728 304 3789; x_wconf 83' lang='lat' dir='ltr'><strong>videtur</strong></span> <span class='ocrx_word' id='word_1_261' title='bbox 329 3724 389 3789; x_wconf 84' lang='lat' dir='ltr'><strong>elle</strong></span> <span class='ocrx_word' id='word_1_262' title='bbox 414 3727 518 3789; x_wconf 84' lang='lat' dir='ltr'><strong>lllelae</strong></span> <span class='ocrx_word' id='word_1_263' title='bbox 543 3726 706 3789; x_wconf 84' lang='lat' dir='ltr'><strong>Mulucha.</strong></span> <span class='ocrx_word' id='word_1_264' title='bbox 758 3725 1003 3805; x_wconf 84' lang='lat' dir='ltr'><strong>Praeponuntur</strong></span> <span class='ocrx_word' id='word_1_265' title='bbox 1026 3719 1127 3789; x_wconf 82' lang='lat' dir='ltr'><strong>euim,</strong></span> 
     </span>
     <span class='ocr_line' id='line_1_34' title="bbox 76 3820 1173 3909; baseline -0.01 -19"><span class='ocrx_word' id='word_1_266' title='bbox 76 3842 119 3890; x_wconf 89' lang='lat' dir='ltr'><strong>ut</strong></span> <span class='ocrx_word' id='word_1_267' title='bbox 141 3828 212 3900; x_wconf 84' lang='lat' dir='ltr'><strong>hic,</strong></span> <span class='ocrx_word' id='word_1_268' title='bbox 245 3828 367 3889; x_wconf 76' lang='lat' dir='ltr'><strong>Poruu</strong></span> <span class='ocrx_word' id='word_1_269' title='bbox 383 3829 529 3909; x_wconf 78' lang='lat' dir='ltr'><strong>Magnus</strong></span> <span class='ocrx_word' id='word_1_270' title='bbox 549 3840 583 3890; x_wconf 92' lang='lat' dir='ltr'><strong>et</strong></span> <span class='ocrx_word' id='word_1_271' title='bbox 606 3829 684 3909; x_wconf 79' lang='lat' dir='ltr'><strong>Siga</strong></span> <span class='ocrx_word' id='word_1_272' title='bbox 700 3825 776 3887; x_wconf 84' lang='lat' dir='ltr'><strong>urbe</strong></span> <span class='ocrx_word' id='word_1_273' title='bbox 791 3844 866 3887; x_wconf 87' lang='lat' dir='ltr'><strong>cum</strong></span> <span class='ocrx_word' id='word_1_274' title='bbox 887 3820 989 3885; x_wconf 80' lang='lat' dir='ltr'><strong>llurio</strong></span> <span class='ocrx_word' id='word_1_275' title='bbox 1009 3838 1128 3903; x_wconf 75' lang='lat' dir='ltr'><strong>cogno·</strong></span> <span class='ocrx_word' id='word_1_276' title='bbox 1170 3868 1173 3873; x_wconf 93' lang='lat'>.</span> 
     </span>
     <span class='ocr_line' id='line_1_35' title="bbox 76 3919 1158 4023; baseline -0.013 -28"><span class='ocrx_word' id='word_1_277' title='bbox 76 3931 177 3995; x_wconf 79' lang='lat' dir='ltr'><strong>mini.</strong></span> <span class='ocrx_word' id='word_1_278' title='bbox 230 3928 330 4015; x_wconf 85' lang='lat' dir='ltr'><strong>Quod</strong></span> <span class='ocrx_word' id='word_1_279' title='bbox 347 3948 427 3992; x_wconf 80' lang='lat' dir='ltr'><strong>vero</strong></span> <span class='ocrx_word' id='word_1_280' title='bbox 445 3919 591 4023; x_wconf 79' lang='lat' dir='ltr'><strong>thsodr&#39;r</strong></span> <span class='ocrx_word' id='word_1_281' title='bbox 608 3949 709 4013; x_wconf 82' lang='lat' dir='ltr'><strong>prope</strong></span> <span class='ocrx_word' id='word_1_282' title='bbox 725 3923 913 3991; x_wconf 86' lang='lat' dir='ltr'><strong>Molochath</strong></span> <span class='ocrx_word' id='word_1_283' title='bbox 936 3921 1127 3991; x_wconf 80' lang='lat' dir='ltr'><strong>conlocavit.</strong></span> <span class='ocrx_word' id='word_1_284' title='bbox 1152 3956 1158 3967; x_wconf 93' lang='lat'><strong>·</strong></span> 
     </span>
    </p>
   </div>
   <div class='ocr_carea' id='block_1_3' title="bbox 77 4021 1270 4097">
    <p class='ocr_par' dir='ltr' id='par_1_3' title="bbox 77 4021 1270 4097">
     <span class='ocr_line' id='line_1_36' title="bbox 77 4021 1270 4097; baseline -0.013 0"><span class='ocrx_word' id='word_1_285' title='bbox 77 4030 166 4097; x_wconf 79' lang='lat' dir='ltr'><strong>forte</strong></span> <span class='ocrx_word' id='word_1_286' title='bbox 187 4052 264 4095; x_wconf 86' lang='lat' dir='ltr'><strong>curu</strong></span> <span class='ocrx_word' id='word_1_287' title='bbox 278 4032 424 4093; x_wconf 84' lang='lat' dir='ltr'><strong>Tamuda</strong></span> <span class='ocrx_word' id='word_1_288' title='bbox 440 4030 544 4096; x_wconf 85' lang='lat' dir='ltr'><strong>Melae</strong></span> <span class='ocrx_word' id='word_1_289' title='bbox 556 4050 634 4093; x_wconf 68' lang='lat' dir='ltr'><strong>,eum</strong></span> <span class='ocrx_word' id='word_1_290' title='bbox 651 4026 869 4096; x_wconf 71' lang='lat' dir='ltr'><strong>commiscuit,</strong></span> <span class='ocrx_word' id='word_1_291' title='bbox 896 4024 950 4086; x_wconf 83' lang='lat' dir='ltr'><strong>vel</strong></span> <span class='ocrx_word' id='word_1_292' title='bbox 968 4023 1055 4083; x_wconf 88' lang='lat' dir='ltr'><strong>idem</strong></span> <span class='ocrx_word' id='word_1_293' title='bbox 1074 4021 1130 4084; x_wconf 83' lang='lat' dir='ltr'><strong>ha-</strong></span> <span class='ocrx_word' id='word_1_294' title='bbox 1265 4030 1270 4039; x_wconf 91' lang='lat'>&#39;</span> 
     </span>
    </p>
   </div>
   <div class='ocr_carea' id='block_1_4' title="bbox 75 4124 1157 4216">
    <p class='ocr_par' dir='ltr' id='par_1_4' title="bbox 75 4124 1157 4216">
     <span class='ocr_line' id='line_1_37' title="bbox 75 4124 1157 4216; baseline -0.004 -17"><span class='ocrx_word' id='word_1_295' title='bbox 75 4134 209 4203; x_wconf 82' lang='lat' dir='ltr'><strong>oendur</strong></span> <span class='ocrx_word' id='word_1_296' title='bbox 223 4133 279 4199; x_wconf 76' lang='lat' dir='ltr'><strong>att</strong></span> <span class='ocrx_word' id='word_1_297' title='bbox 310 4132 416 4200; x_wconf 82' lang='lat' dir='ltr'><strong>Malua</strong></span> <span class='ocrx_word' id='word_1_298' title='bbox 432 4146 540 4199; x_wconf 83' lang='lat' dir='ltr'><strong>autem</strong></span> <span class='ocrx_word' id='word_1_299' title='bbox 554 4133 636 4200; x_wconf 86' lang='lat' dir='ltr'><strong>bene</strong></span> <span class='ocrx_word' id='word_1_300' title='bbox 651 4132 759 4206; x_wconf 86' lang='lat' dir='ltr'><strong>habet,</strong></span> <span class='ocrx_word' id='word_1_301' title='bbox 781 4148 879 4216; x_wconf 80' lang='lat' dir='ltr'><strong>quem</strong></span> <span class='ocrx_word' id='word_1_302' title='bbox 897 4124 1013 4191; x_wconf 78' lang='lat' dir='ltr'><strong>diserte</strong></span> <span class='ocrx_word' id='word_1_303' title='bbox 1029 4124 1129 4197; x_wconf 66' lang='lat' dir='ltr'><strong>eliam</strong></span> <span class='ocrx_word' id='word_1_304' title='bbox 1154 4172 1157 4177; x_wconf 92' lang='lat'><em>-</em></span> 
     </span>
    </p>
   </div>
   <div class='ocr_carea' id='block_1_5' title="bbox 0 0 1333 4716">
    <p class='ocr_par' dir='ltr' id='par_1_5' title="bbox 0 0 1333 4716">
     <span class='ocr_line' id='line_1_38' title="bbox 0 0 1333 4716; baseline 0 0"><span class='ocrx_word' id='word_1_305' title='bbox 0 0 1333 4716; x_wconf 95' lang='lat' dir='ltr'><strong> </strong></span> 
     </span>
    </p>
   </div>
  </div>
 </body>
</html>
