2656 4702
225 400 279 462 ut
305 396 444 460 nour.
471 358 596 457 nnn
622 374 706 456 c'.1.
746 390 780 456 c
801 351 849 462 v.
881 398 962 469 ιε.
1053 350 1113 479 tsi

105 578 172 643 'mr
194 575 363 641 contendit
384 573 444 636 effe
469 568 737 646 ruitum-treet.-
760 571 845 638 sorte
865 576 951 657 apud
967 576 1113 641 Leonem

105 676 287 748 demtum,
313 677 403 738 cuiue
418 675 524 737 adhuc
537 676 651 739 rudere
663 673 804 760 conspici
818 690 910 758 putat
923 698 1021 761 prope
1036 679 1114 744 litut

105 800 188 843 erra
201 780 305 852 fluvii,
322 798 421 860 quem
436 775 521 839 sorte
534 764 642 861 Sigam
657 778 795 861 adpellet
808 779 1011 843 Ptolemaeus
1023 792 1059 860 4.
1082 802 1113 845 1.

105 880 134 947 se
155 882 287 964 quidem
311 882 408 943 etiam
430 879 529 941 hodie
553 877 677 943 stirias.
695 880 792 961 Sigg,
818 883 873 962 qui
895 881 1014 946 fluviue
1036 883 1115 965 Siga

105 982 184 1047 tberi
203 978 319 1069 possm
351 980 404 1043 sed
425 980 536 1065 Sigara
559 993 707 1065 veterum
728 982 767 1044 ed
791 984 992 1045 occidentem
1013 987 1115 1070 magio

105 1084 184 1156 isse.
210 1098 243 1147 et
258 1083 346 1146 suto
363 1100 485 1145 nomen
505 1080 566 1143 esse
584 1084 694 1164 potine
706 1083 848 1151 Arabum
861 1088 884 1147 i.
901 1106 930 1147 e.
946 1087 1057 1147 rivum
1072 1086 1116 1151 ati

105 1188 252 1272 tigandoe
274 1203 376 1271 agroe.
428 1184 510 1247 lude
523 1201 605 1246 vero
625 1184 722 1247 Shaw
742 1198 776 1247 et
795 1185 883 1266 quod
903 1187 938 1250 in
955 1188 1116 1249 Antonini

105 1290 181 1353 iuer.
196 1308 224 1353 c.
237 1289 260 1351 l.
283 1287 366 1367 Siga
382 1300 439 1362 27.
455 1285 503 1346 M.
518 1286 557 1348 Ρ.
577 1282 687 1349 versuo
707 1286 909 1349 occidentem
929 1289 970 1351 ed
990 1286 1115 1352 Salsum

105 1410 196 1455 amen
211 1389 406 1458 conlocetur,
429 1387 570 1449 coniicit.
605 1386 715 1473 Sigara
730 1388 845 1449 urbem
864 1402 948 1452 certe
963 1408 1116 1472 quaeren-

105 1512 151 1569 ιω
172 1490 232 1554 csse
249 1493 333 1552 inter
357 1486 603 1550 Taetrum-treet
619 1503 654 1550 et
676 1487 999 1577 maoz-Maisan,
1023 1492 1115 1574 quod

105 1592 253 1657 :siumen
273 1589 395 1655 Salsum
423 1602 589 1660 veterum.
624 1591 728 1653 immo
752 1589 855 1674 ipsum
882 1592 943 1657 esse
967 1593 1118 1655 Tacitum·

105 1706 169 1759 eet.
203 1694 275 1758 vid.
291 1694 332 1756 T.
352 1711 433 1774 1.p.
450 1693 496 1755 26
512 1690 575 1775 sqq.
599 1705 633 1754 et
652 1712 685 1775 p.
702 1702 764 1771 4ο.
817 1694 886 1756 Hee
905 1695 1040 1777 quidem
1063 1716 1118 1759 ve·

105 1796 225 1861 ttionea
246 1795 396 1859 oriuntur
413 1812 453 1858 ex
467 1794 670 1879 ignoratione
683 1794 834 1856 hodierni
849 1797 1003 1869 nominis,
1028 1797 1118 1879 quod

105 1899 219 1961 'etinttit
232 1898 305 1983 Siga
319 1910 480 1962 vetemm.
518 1894 620 1978 Ipsam
638 1896 752 1959 urbem
767 1898 869 1959 variae
885 1894 1118 1965 viciffitudinm

105 2014 238 2085 tpettam
259 1997 338 2070 esse,
364 1996 525 2080 superiora
544 1997 720 2069 declarante
752 1996 903 2059 resectam
926 1997 1016 2063 fuisse
1040 2000 1118 2064 inde

105 2102 221 2186 iperet,
254 2100 343 2182 quod
367 2098 534 2162 Strabonie
559 2112 660 2161 aetate
685 2098 790 2159 diruta
823 2099 956 2172 iacebat,
989 2099 1120 2185 tuipse
1145 2084 1148 2089 ¹

105 2218 181 2267 urat
201 2201 258 2264 lib.
280 2215 337 2277 17.
357 2219 391 2282 p.
407 2215 494 2277 570.
509 2197 530 2261 s.
548 2211 634 2278 829.
687 2199 774 2259 Hinc
796 2212 829 2260 et
856 2220 986 2280 parvam
1011 2202 1120 2265 noster

105 2306 167 2369 icit.
206 2304 344 2364 Portum
356 2299 521 2385 Sigeosem
536 2312 695 2361 memoret
710 2302 868 2361 Antonini
883 2300 987 2363 itiner.
1005 2322 1039 2383 p.
1059 2316 1115 2383 13.

105 2429 109 2467 ·.
126 2405 246 2489 Geogr.
263 2404 411 2465 Ravenn.
429 2413 462 2479 5,
478 2410 513 2480 4.
553 2400 665 2463 Pluree
684 2400 836 2483 Syphacis
850 2404 971 2485 regium
988 2399 1118 2476 faciunt,

105 2508 255 2573 :Pliniue
282 2505 372 2565 alteri
393 2503 609 2564 Mauretaniae
632 2505 652 2563 i.
670 2520 698 2564 e.
719 2500 907 2565 Caesariensi
929 2505 1055 2573 tribuit.
1082 2507 1118 2568 in

105 2610 165 2673 aitte
179 2607 337 2691 principio
352 2607 448 2667 etiam
463 2605 607 2667 conlocat
620 2604 822 2667 Ptolemaeus
833 2616 867 2684 4.
886 2621 918 2666 2.
933 2607 978 2668 io.
1006 2608 1118 2680 Recte.

105 2730 138 2775 ec
158 2723 266 2774 contre
288 2708 420 2778 Melam,
447 2707 630 2768 dummodo
648 2703 789 2788 superine
811 2721 919 2768 notata
938 2719 1118 2782 teneantur,

105 2812 199 2877 selam
211 2831 279 2874 non
294 2811 506 2872 recentiorem
527 2808 614 2869 illam
630 2808 820 2870 divisionem
836 2806 938 2890 sequi.
966 2806 1016 2872 sed
1032 2811 1119 2891 prio·

105 2935 162 2987 tm,
188 2932 266 2996 quae
280 2912 381 2974 valuit
398 2910 528 2973 Boccho
546 2910 762 2993 iugurthoquc
778 2911 994 2999 regnantispue.
1040 2912 1118 2975 Non

105 3019 175 3099 ‚itur
194 3015 255 3085 esi,
288 3034 344 3076 cur
368 3013 489 3099 Melam
517 3009 639 3073 incuset
667 3012 763 3073 Shaw
793 3013 825 3071 in
853 3030 996 3097 voyagee
1020 3013 1061 3078 Τ.
1086 3035 1117 3081 ι.

105 3164 111 3186 ,
132 3131 190 3198 13.
213 3115 299 3200 qausr
320 3118 347 3179 ie
365 3112 541 3177 Muluchae
560 3113 653 3173 situm
672 3112 881 3196 ignoraverit.

146 3316 337 3403 Magno)
386 3317 439 3381 Sic
456 3315 706 3379 etPtoIernaeue
720 3322 756 3394 4,
774 3328 805 3375 2.
831 3307 962 3402 sso‘proe
981 3305 1119 3403 μᾶγνος.

105 3424 203 3489 liniue
221 3436 255 3501 5.
274 3442 304 3487 1.
323 3419 345 3483 s.
362 3435 396 3483 2.
416 3417 562 3498 alogiam
576 3439 598 3479 a
605 3406 721 3507 spatio
735 3414 925 3495 adpessotus.
979 3418 1118 3479 Haedui·
1233 3480 1235 3495 Ι

105 3548 139 3591 ue
154 3525 201 3587 ibi
223 3516 313 3607 putat
332 3522 431 3584 hodie
452 3519 511 3581 effe
529 3519 667 3581 Melissa.
706 3517 782 3581 Non
798 3532 895 3580 recte.
935 3517 1019 3580 Nem
1037 3522 1120 3582 ultre

105 3628 216 3692 ovium
256 3625 400 3688 Maluam
439 3621 656 3703 quaerendum
695 3618 770 3689 esse,
822 3636 937 3682 omnet
975 3618 1119 3685 suadent.

105 3731 211 3797 ectiue
225 3728 334 3792 Poiret
347 3728 382 3787 in
398 3743 524 3831 voyape
539 3742 581 3785 en
596 3721 747 3789 barbarie,
770 3717 868 3802 praes.
884 3741 916 3802 p.
933 3738 991 3784 oo.
1016 3721 1118 3785 hodie

105 3845 212 3899 ortum
232 3831 322 3894 urbia
345 3826 405 3892 esse
425 3826 570 3887 adfirmat
590 3814 822 3915 Mosolquivt'r,
848 3835 885 3881 ut
904 3824 1055 3885 Simserue
1077 3823 1119 3884 ad

107 3947 201 3999 atton.
218 3933 325 3993 itiner.
339 3951 373 4012 p.
395 3941 451 4008 13.
470 3939 577 3989 tutum
591 3925 767 3987 montibue.
800 3922 896 3987 Shaw
911 3926 952 3989 T.
967 3943 995 3987 ι.
1010 3944 1041 4006 p.
1058 3940 1117 4009 29.

105 4036 150 4099 .s.
177 4033 265 4098 θεῶν
285 4027 401 4121 λιμένα
419 4028 585 4091 Strabonie
604 4042 659 4102 17.
679 4045 712 4108 p.
731 4021 942 4105 57o.s.329.
962 4044 1037 4087 eum
1055 4023 1117 4087 esse

105 4134 261 4227 rspicetur,
287 4145 322 4199 et
334 4130 433 4197 hodie
449 4129 514 4194 dici
527 4129 629 4199 Mers’
644 4128 675 4191 es
688 4124 819 4201 Meet,
842 4128 930 4210 quod
945 4139 980 4193 et
993 4142 1118 4195 nomen
