2634 4716
365 273 385 316 t

153 369 216 435 ree
421 368 583 435 nonen
623 322 929 432 exnonrrcrn
1061 392 1084 413 ··
1172 384 1175 393 ·

196 603 202 618 .
227 537 461 641 Rusicade)
497 548 638 614 Ptolem.
654 557 690 629 4,
708 560 742 629 5.
758 549 804 610 in.
824 540 1035 611 ‘Poooiunioc
1069 542 1199 609 Piinine

154 664 189 733 5.
206 649 273 714 cni
291 665 324 729 5.
359 650 425 712 tab.
442 652 592 736 Peuting.
610 649 707 735 iegm.
727 669 760 712 e.
787 648 901 710 Vibiue
915 650 1013 730 Seqn.
1027 667 1061 731 p.
1084 665 1141 727 ¹9·
1165 659 1202 709 et

152 751 318 836 inscriptio
334 754 469 835 lepidio,
495 773 592 834 quam
609 752 758 814 exhibuit
772 751 870 815 Shew
887 752 929 811 Τ.
952 771 982 813 ι.
1000 771 1034 832 p.
1054 761 1138 827 258.
1161 760 1204 811 ut

109 882 112 887 ·
154 855 264 927 Mela.
295 852 473 944 Rusicadq
512 853 565 917 sed
587 856 708 938 duplici
725 874 745 915 c
768 853 925 918 Antonin.
947 854 1057 915 itiner.
1078 842 1118 933 'p.
1142 866 1201 933 19.

152 953 340 1047 Rusiccade
363 956 491 1018 Orosrue
519 975 549 1026 ι,
573 970 607 1022 o.
644 977 678 1039 p.
708 969 766 1036 δι.
791 955 844 1018 ed.
869 954 1010 1018 Havete.
1046 951 1106 1014 ubi
1128 951 1207 1015 libri

155 1057 259 1124 etiam
275 1054 453 1147 Rnficoda.
500 1057 538 1117 ln
557 1057 675 1142 Geogr.
689 1059 840 1135 Ravenn.
855 1069 888 1136 5.
906 1056 941 1119 6.
961 1049 1142 1146 Rufficnde,
1168 1063 1205 1116 et

155 1173 192 1240 5,
210 1170 247 1239 4.
264 1156 434 1250 Rusicade.
470 1158 599 1224 Oroiino
615 1180 689 1221 cum
702 1159 856 1242 Hippone
871 1157 977 1241 Regio
992 1158 1027 1218 in
1044 1155 1206 1218 Numidia

153 1263 267 1345 ponit,
294 1260 469 1323 distinctius
492 1275 566 1324 ante
585 1262 773 1343 Hipponem
789 1278 890 1343 prope
907 1258 1051 1341 Collopu¹
1063 1256 1206 1340 icullu

154 1364 378 1432 Ptolemaeus,
412 1363 553 1434 Plinius,
581 1365 784 1432 Antoninus.
816 1360 1030 1445 Geogrephue
1049 1360 1205 1423 Ravenn.

155 1478 191 1528 et
211 1464 337 1534 tabula,
370 1483 409 1527 ex
430 1465 548 1544 quibus
569 1467 719 1546 adparet,
753 1464 903 1526 ordinem
931 1482 1048 1524 vemrn
1073 1481 1092 1520 a
1115 1460 1208 1523 Meo

157 1566 343 1649 neglectum
373 1566 445 1627 elie.
512 1568 659 1627 Dimidio
686 1581 796 1628 tamen
827 1565 987 1626 maiorem
1018 1561 1209 1625 distantiam

61 1701 64 1705 ·
158 1656 321 1730 Antonini-
350 1666 552 1729 itinerarium
585 1666 762 1749 adpoiniiie
794 1667 953 1729 existimat
982 1665 1083 1728 Simu
1105 1665 1150 1726 T.
1175 1682 1209 1729 ι.

156 1789 192 1854 p.
212 1783 294 1840 1-17.
320 1786 458 1849 eumque
480 1749 582 1831 secuti⁸
598 1769 695 1852 Angli
717 1771 751 1829 in
779 1768 888 1852 hiiior.
911 1766 1030 1829 cathol.
1055 1766 1126 1829 Vol.
1149 1765 1207 1829 ²6.

157 1890 193 1954 p.
205 1889 220 1932 ι
230 1871 287 1934 ι6.
319 1870 362 1931 At
376 1871 414 1933 in
423 1871 583 1932 Antonini
596 1869 694 1933 MSS.
714 1869 800 1933 utin
816 1869 925 1933 tabula
938 1887 977 1931 ex
988 1868 1040 1930 nt
1050 1867 1209 1946 Scheybii

156 1983 288 2035 tentum
304 1982 364 2047 5⁰·
380 1969 429 2033 M.
446 1971 483 2033 P.
506 1984 684 2053 ponuntur.
735 1970 836 2055 Quod
857 1971 949 2032 addit
969 1969 1079 2040 Shaw,
1106 1969 1208 2032 hodie

156 2073 277 2135 dicitur
293 2073 446 2153 Spigata,
476 2074 562 2155 apud
582 2075 774 2136 recentiores
797 2073 910 2142 Stora,
944 2074 1033 2153 quod
1052 2084 1087 2133 et
1108 2069 1209 2133 refert

157 2174 270 2238 Poiret
292 2174 330 2236 P.
359 2194 389 2238 ι.
413 2195 487 2260 pag.
504 2188 594 2251 Ιι7ι.
611 2195 639 2238 c.
661 2177 683 2238 l.
735 2171 789 2239 Ci.
812 2176 914 2237 etiam
945 2173 1088 2239 orteliue
1113 2173 1150 2237 h.
1172 2193 1207 2236 v.

157 2274 325 2358 Thapsum
340 2272 377 2339 ss.
399 2278 488 2338 iuxta
511 2280 621 2360 ponit.
647 2279 700 2340 eui
715 2277 852 2339 omnino
874 2295 936 2339 nec
952 2266 1083 2338 tobnlhe
1097 2294 1210 2339 recen·

157 2368 474 2462 tiorerrepugnant,
499 2398 561 2444 nec
575 2379 674 2443 Shaw
690 2381 732 2443 T.
753 2399 784 2443 ι.
805 2398 838 2462 p.
859 2392 945 2456 117.

174 2632 179 2641 .
239 2536 482 2660 Thabraca).
515 2579 664 2663 Plerique
679 2579 743 2643 fine
760 2579 975 2664 adspiratione
991 2530 1150 2652 efferunt,
1172 2583 1209 2643 in

141 2680 200 2743 -ἱίι
218 2679 344 2742 Pliniur
364 2692 399 2758 5.
423 2680 496 2747 mi.
514 2696 549 2762 3.
584 2685 699 2750 iuven.
728 2703 784 2754 ιο,
815 2695 930 2763 19‚4.
967 2682 1141 2746 Claudiam
1166 2683 1209 2746 de

159 2782 249 2843 hurd.
265 2782 366 2844 Stilic.
390 2803 419 2852 ι,
438 2796 523 2860 557.
551 2783 669 2866 Geogr.
686 2784 836 2846 Ravenn.
856 2799 888 2864 5.
906 2786 942 2849 6.
971 2795 1003 2861 5.
1028 2796 1062 2861 5.
1104 2786 1150 2845 Et
1169 2783 1210 2848 fio

166 2878 371 2974 Tabroceusrs
391 2883 558 2966 episcopm
580 2902 853 2947 commemoratur
881 2888 915 2948 in
938 2884 1059 2949 Norifii
1079 2885 1208 2968 operib.

121 3004 129 3015 ·
160 2986 489 3067 Tom.3.p.1113.
540 2987 603 3060 Alii
627 2987 711 3048 inter
733 3001 902 3069 utromque
924 2985 1111 3070 scripturam
1130 3007 1211 3070 pen·

161 3085 256 3157 dent.
282 3088 322 3147 de
338 3105 401 3168 quo
416 3088 531 3151 monui
545 3090 580 3150 in
596 3091 683 3152 nom
698 3089 823 3151 criticis.
866 3086 1046 3150 Tabraehia
1060 3088 1104 3149 est
1120 3089 1211 3171 apud

38 3213 47 3236 ··
94 3228 97 3232 -
160 3187 555 3271 Martian.cap011.o.p.
574 3189 656 3254 216.
695 3189 865 3276 Originem
880 3184 1026 3253 neminie
1038 3208 1079 3251 ex
1096 3190 1211 3276 lingua

68 3316 74 3325 ·
162 3291 292 3370 syriaca
315 3290 368 3352 vei
389 3291 524 3356 Arabica
551 3294 633 3373 petit
654 3291 832 3354 Bochortuo
852 3293 888 3355 in
909 3291 1071 3356 chanaan
1098 3309 1129 3363 ι.
1148 3302 1211 3373 24.

162 3403 201 3451 nt
220 3389 257 3450 iu
268 3381 451 3482 frondosa.
481 3392 655 3476 testemque
682 3393 811 3479 adlegat
836 3393 1027 3456 Iuvenalem
1047 3411 1103 3462 ιο,
1123 3405 1210 3475 195.

162 3492 219 3573 qui
229 3481 338 3582 scitus
353 3485 542 3582 unnbriferor
561 3495 605 3555 ibi
620 3509 867 3559 commemorat.
902 3496 1027 3557 Pliniue
1046 3494 1211 3578 oppidum

163 3593 285 3656 civium
299 3590 526 3659 Romanorum
541 3596 630 3667 dicit.
648 3596 855 3659 Ptolemaeus
869 3598 1046 3660 coloniam.
1069 3597 1210 3660 Portum

123 3734 133 3751 .
160 3694 237 3757 eine
261 3705 354 3754 notat
386 3694 597 3762 claudimur.
652 3698 778 3769 Hodie.
811 3699 1077 3779 qundoquidem
1100 3696 1210 3772 [ciam.

163 3791 367 3859 consentiunt
385 3797 421 3857 in
445 3801 581 3861 turmine
600 3796 753 3871 ratario.
785 3799 885 3864 Shew
906 3801 948 3863 T.
971 3819 1001 3863 ι.
1027 3820 1103 3883 pag·
1125 3813 1208 3881 ¹23·

161 3895 271 3967 Pouet
290 3896 327 3959 P.
351 3914 379 3958 ι.
404 3917 436 3980 p.
458 3911 537 3977 ruo.
555 3919 581 3962 c.
605 3900 627 3963 i.
654 3899 769 3963 rodere
789 3900 835 3965 ibi
856 3899 996 3982 conspici
1022 3903 1209 3975 adfirmant,

162 4009 197 4065 οι
212 3995 345 4082 vestigio
368 4017 552 4072 minorum.
577 4000 802 4065 columnarum
826 4002 1007 4066 everiunm
1024 4005 1209 4087 multasque
1232 4046 1238 4054 -

164 4097 328 4175 cisternae,
360 4118 400 4165 ex
423 4102 539 4186 quibui
563 4101 619 4169 itin
643 4101 800 4173 omem
826 4104 930 4171 [iudet
948 4104 990 4168 td
1009 4124 1102 4173 mare
1118 4105 1210 4178 fitam
