2634 4716
290 406 344 467 ta
371 405 510 468 roua.
539 406 649 470 uat.
677 370 772 487 aa
814 407 849 470 c.
869 402 923 466 ar.
966 405 1045 480 aa.
1127 398 1191 484 3⁶·

154 598 228 647 rem
258 577 433 644 annalibua
458 594 575 661 nomm¹
604 564 707 644 dicat.¹
753 576 953 667 Intelligitut
982 597 1094 645 autem
1129 582 1196 644 stne

156 677 262 745 dubio
276 682 323 743 M.
337 679 500 746 Aemiliae
516 684 669 755 scamus,
693 678 753 769 qui
773 683 897 746 Consul
917 678 982 746 fuit
1002 703 1032 745 a.
1051 704 1085 746 u.
1109 683 1193 760 638.

157 797 192 846 et
211 804 232 847 a
252 779 415 848 Cicerone
435 784 532 869 saepe
548 800 838 848 commemoratur.
880 786 983 847 Recte
1004 781 1107 868 igitur
1120 784 1195 867 Vos·

112 921 115 929 ·
136 924 137 929 κ
156 888 221 951 tu·
235 899 366 956 monet,
391 886 516 948 Melam
533 884 682 949 secutum
699 885 761 948 eise
782 902 932 949 auctores
948 888 1110 958 Graecos,
1137 879 1197 971 qui

156 984 194 1051 id
213 982 424 1071 scripserant,
458 1003 635 1073 antequam
655 983 713 1050 illa
733 987 797 1049 offa
811 989 954 1051 Romam
974 987 1073 1052 edent
1093 1003 1196 1050 traua*

138 1078 242 1163 tau}
278 1102 312 1151 et
335 1088 377 1151 fic
399 1087 489 1150 serva
509 1087 576 1151 fide
594 1108 779 1175 parumque
800 1070 928 1152 curiose
950 1085 1028 1172 egit.
1079 1089 1198 1175 Neque

159 1186 252 1253 enim
265 1185 340 1283 quia
362 1186 572 1253 contenderit
583 1189 655 1275 post
668 1186 783 1255 Scauri
800 1186 1004 1253 aedilitatem
1021 1191 1124 1274 Iopen
1147 1211 1197 1252 re·

157 1305 255 1355 vecta
275 1288 391 1374 tutte,
419 1306 459 1361 ut
481 1306 596 1355 mouet
617 1292 789 1367 Salmatiua
809 1287 846 1353 in
867 1288 972 1354 Solin.
993 1313 1026 1375 p.
1050 1312 1095 1352 m.
1110 1301 1199 1371 405.

159 1390 249 1459 Hinc
260 1388 373 1455 varius
387 1388 445 1454 alii
463 1388 526 1454 alia
540 1390 675 1477 vestigia
688 1407 963 1465 commemorant,
980 1391 1201 1455 Andromedae

158 1494 308 1567 mnata.
340 1508 380 1557 ut
398 1490 529 1558 Plinius
549 1506 583 1574 5,
609 1507 664 1576 14.
687 1494 709 1558 i.
733 1509 807 1573 «ι3.
827 1492 983 1578 Iosephus
1001 1493 1043 1555 de
1064 1495 1102 1556 B.
1126 1493 1199 1557 lud.

161 1608 197 1677 3,
218 1612 254 1677 9,
274 1610 313 1675 -3,
347 1592 453 1680 Solio.
470 1616 499 1659 c.
521 1597 544 1660 1.
594 1597 832 1658 Saxaftantum
856 1594 913 1657 suo
936 1609 1085 1679 tempore
1106 1615 1199 1657 mon·
1294 1600 1296 1608 '

160 1693 252 1761 mari
272 1692 429 1783 potuilie,
461 1694 582 1783 quibua
604 1693 748 1781 adligata
769 1694 871 1759 fuerit
886 1697 1015 1781 puella,
1049 1693 1202 1761 adfirmat

154 1794 444 1881 hieronymusad
462 1798 565 1869 Ionae
586 1816 659 1884 cap.
680 1821 710 1861 ι.
744 1794 847 1862 Addit
864 1795 958 1861 aliud
971 1793 1148 1861 Pausanias
1163 1807 1201 1877 4,

125 1942 137 1969 ,ι
161 1912 223 1986 35,
241 1900 283 1964 6.·
300 1889 428 1963 fontem
449 1897 569 1963 rutilae
583 1920 714 1984 aquae,
744 1897 841 1964 cuiue
861 1898 991 1963 causam
1012 1896 1145 1962 accolae
1161 1918 1205 1963 ex

161 2000 293 2073 deterso,
311 2001 443 2071 belluae
457 1997 586 2065 occisae
605 2019 725 2064 amore
745 2014 908 2085 repetant.
958 1997 1137 2063 Penzeliua
1161 1999 1205 2062 ad

162 2102 315 2168 strabon.
331 2100 401 2164 Vol.
418 2111 453 2183 4
474 2123 506 2188 p.
527 2114 634 2180 2303.
668 2122 709 2167 ex
731 2098 874 2167 Eusebio
897 2100 919 2164 s.
940 2122 972 2162 v.
992 2101 1140 2165 Beaatha
1161 2100 1205 2163 ad

164 2204 272 2288 stagna
304 2205 403 2266 rubra
430 2202 586 2268 transfert
609 2221 714 2289 prope
739 2199 985 2281 Hierosolyma,
1018 2197 1056 2263 in
1079 2199 1203 2287 quibua

117 2342 120 2347 ·
160 2303 316 2371 victimas
334 2324 476 2390 purgare
498 2305 655 2372 [olebant.
704 2305 758 2367 De
776 2300 846 2389 ipio
863 2304 938 2364 loco
960 2316 1056 2365 antea
1076 2299 1204 2366 dictum

117 2456 121 2461 -
162 2406 217 2472 eft.
256 2403 386 2470 Plinius
406 2421 517 2470 tamen
534 2419 568 2486 5,
588 2416 647 2489 34.
663 2404 684 2468 i.
701 2419 760 2483 3ι.
780 2418 858 2468 ante
877 2403 981 2488 Iopen
1004 2402 1045 2466 ad
1064 2398 1205 2467 infulam

135 2496 138 2504 ¹
165 2511 314 2574 partam.
332 2505 446 2594 ponit,
481 2529 581 2596 quam
614 2503 752 2594 quidem
784 2505 908 2569 Vosiiua
938 2505 1067 2585 nullam
1097 2518 1205 2593 putat,

164 2606 397 2676 Schwartaim
418 2609 459 2672 ad
476 2607 659 2675 cellarium
679 2603 717 2672 in
733 2609 854 2692 (ieogr.
876 2621 943 2683 ant.
959 2606 1000 2668 T.
1020 2629 1050 2669 r.
1070 2628 1103 2691 p.
1118 2617 1204 2687 443.

165 2735 206 2781 ex
223 2712 282 2774 usu
297 2713 443 2776 Graecae
466 2708 560 2777 vocia
579 2711 673 2799 νῆσος
695 2709 738 2773 de
763 2709 837 2773 [axo
859 2704 1030 2772 eminente
1051 2704 1206 2792 explicat.

165 2831 201 2887 et
225 2829 313 2877 certe
341 2812 497 2898 losephua
520 2834 549 2877 c.
573 2815 594 2877 1.
624 2811 755 2875 fabulae
780 2808 915 2892 vestigia
942 2808 979 2872 in
1006 2806 1146 2893 rupibus
1173 2826 1207 2872 et

166 2914 250 2981 [axia
272 2912 495 2978 eminentibus
516 2910 663 2978 inveniri
683 2902 805 2977 icribit.
857 2911 982 2975 Frustra
1000 2907 1103 2996 igitur
1126 2914 1207 2975 Har·

168 3016 292 3081 duinut
318 3018 361 3080 ad
385 3012 534 3105 Plinium
551 3036 580 3079 c.
603 3019 624 3080 l.
657 3016 726 3078 huc
761 3013 901 3076 advocat
932 3014 1091 3076 Parianus
1119 3014 1208 3098 apud

167 3119 296 3203 loseph.
321 3116 356 3181 iu
379 3100 504 3204 antiqu.
526 3116 598 3180 lud.
619 3125 675 3196 14.
698 3136 753 3187 ro,
773 3125 806 3191 fl.
838 3113 963 3200 quippe
980 3110 1037 3198 qui
1057 3134 1097 3176 ex
1119 3136 1209 3178 nexu

125 3238 128 3243 ·
168 3223 216 3290 ad
230 3219 356 3282 incolas
371 3217 448 3282 Pari
471 3217 597 3283 infulae
611 3213 728 3285 referri
750 3215 893 3294 debent,
924 3216 979 3277 etii
994 3214 1209 3297 Apollonium

168 3337 264 3385 notat
284 3321 469 3405 Stephanus
486 3322 508 3384 i.
524 3344 557 3385 v.
578 3315 705 3408 Πάρος,
731 3316 823 3404 quod
839 3317 998 3378 Parianus
1014 3334 1075 3399 pro
1091 3318 1208 3381 Parios

167 3421 301 3485 dixerit
352 3421 683 3487 Praeiacena·iaxum
707 3417 809 3481 etiam
833 3414 914 3480 alibi
939 3420 995 3504 (5,
1017 3416 1111 3499 14.ss
1134 3424 1210 3500 13.)

168 3523 207 3588 in
226 3527 288 3588 hac
308 3522 419 3586 tabula
439 3538 680 3589 commemorat
694 3516 835 3587 Plinius.

246 3725 430 3811 belluae)
481 3675 538 3790 Sic
561 3722 671 3815 etalii
694 3721 830 3811 quidam
851 3717 990 3785 omnino
1003 3736 1147 3794 vocant,
1174 3737 1212 3784 ut

169 3827 313 3897 Ovidiut
334 3833 468 3894 Metam.
489 3839 526 3910 4,
549 3830 633 3904 688.
666 3825 752 3890 Ptin.
770 3838 805 3905 5,
828 3837 887 3905 34.
904 3824 925 3886 s.
943 3838 1000 3901 31.
1034 3841 1069 3905 9,
1089 3835 1122 3900 5.
1139 3822 1160 3885 s.
1176 3834 1209 3899 q.

171 3930 278 3996 Soliu.
297 3947 368 4017 cap.
385 3947 444 4010 37.
457 3930 482 3997 i.
499 3939 558 4012 34.
592 3924 784 3992 Lactantius
803 3923 960 3989 Placidua
977 3945 1005 3986 c.
1024 3927 1044 3988 1.
1074 3927 1127 3985 vel
1149 3944 1211 4009 pro

171 4054 213 4098 eo
228 4025 342 4126 seram
365 4030 528 4112 (Ovidius
549 4030 685 4119 Metam.
707 4039 745 4109 4.
768 4033 873 4107 707.)
901 4023 1074 4119 neaustriam
1093 4025 1210 4107 palagi.
1243 4076 1246 4081 .

169 4131 404 4216 (Germanicae
426 4131 463 4197 in
478 4129 606 4206 bruttio
626 4153 659 4196 r.
678 4136 777 4218 345.)
823 4125 889 4194 atti
911 4140 1015 4192 cetuna
1034 4123 1130 4191 faiae
1150 4142 1217 4191 tra.
