2634 4716
200 387 251 447 ru
277 384 417 446 rone.
447 385 555 443 nar.
597 386 633 443 r.
655 388 679 442 1.
718 384 837 449 cxv.
877 386 904 457 o.
926 400 957 445 a.
1038 394 1102 465 44⁷

61 578 143 644 quos
162 551 302 652 Caspias
317 560 439 625 dicunt.
476 561 518 623 At
534 561 611 622 illud
628 560 725 622 Plinii
739 580 778 624 eo
796 561 897 646 magia
910 560 954 624 ed
968 560 1101 634 mirum.

61 661 148 743 quod
167 663 200 734 6,·
226 677 280 740 15.
298 661 319 726 l.
342 678 396 742 13.
423 682 498 725 eum
519 681 659 725 errorem
687 663 725 725 ab
753 665 792 724 iia
815 646 1026 726 commillum'
1040 662 1102 726 effe

62 763 175 834 tradit,
201 766 305 845 quiin
322 766 471 827 Armenia
486 783 536 827 ree
550 767 694 846 proxime
713 784 786 826 cum
805 764 990 828 Corbulone
1006 762 1103 849 gelse-

59 877 149 927 runt.
202 865 293 927 ldem
310 866 476 928 contendit
492 867 532 928 de
548 863 668 947 Calpiie
690 866 790 948 pylio,
817 867 856 927 ad
879 886 954 948 quae
968 867 1102 929 tendere

60 978 170 1028 contra
184 966 323 1029 Albanoe
340 966 430 1030 Nero
449 966 639 1029 minabatur.
667 965 821 1051 (Sueten.
839 968 873 1027 in
893 967 968 1030 Ner.
992 986 1021 1029 c.
1042 984 1102 1047 19.

57 1068 164 1130 Tacit.
185 1088 213 1131 c.
237 1065 281 1151 l.)
333 1070 374 1130 llt
400 1073 579 1130 verendum
605 1068 665 1140 est,
698 1088 741 1130 ne
766 1068 890 1130 Plinius
913 1067 978 1152 iple
1004 1081 1099 1132 erret.

58 1169 245 1234 Accuratiue
260 1169 348 1238 enim
366 1169 449 1234 nolle
463 1183 621 1251 poterant,
642 1170 697 1251 qui
714 1167 937 1233 interfuerunt.
971 1170 1100 1233 Deinde

58 1270 193 1335 Albania
211 1272 375 1333 interiacet
398 1273 480 1332 inter
504 1270 559 1332 baa
582 1269 707 1354 Caspiae
729 1284 836 1352 portae
856 1272 890 1332 in
912 1270 1030 1333 linibue
1046 1276 1103 1333 Ar·

58 1373 186 1433 meniae
208 1385 241 1434 et
259 1370 405 1444 Mediae,
438 1385 471 1434 et
489 1374 573 1433 inter
588 1371 762 1442 Caucasiae,
788 1392 894 1453 neque
913 1386 1039 1456 poterat
1059 1373 1102 1435 ad

58 1471 117 1535 hae
137 1476 285 1543 transire.
312 1477 458 1535 nondum
475 1461 609 1535 devictio
623 1475 685 1536 illia
707 1472 875 1558 gentibue.
907 1474 1102 1555 quibuscum

59 1570 181 1635 bellum
213 1575 391 1660 gerendum
420 1589 497 1638 erat.
550 1576 636 1636 Hinc
662 1579 759 1636 etiam
785 1575 962 1657 Procopius
992 1576 1033 1637 de
1059 1575 1098 1639 B.

61 1674 161 1739 Goth.
179 1688 211 1755 3,
230 1691 262 1756 5.
278 1678 323 1741 in.
346 1677 462 1739 Alanos
485 1679 595 1754 (antea
612 1677 770 1754 Albanos)
791 1674 962 1740 aCaucalo
984 1691 1100 1739 monte

59 1777 100 1837 ad
124 1793 229 1858 portae
257 1776 381 1860 Calpiaa
406 1792 540 1840 tractum
567 1779 704 1841 incolere
727 1778 814 1840 dicit.
876 1778 968 1839 Idem
993 1779 1032 1839 de
1059 1778 1109 1841 13.-

58 1875 145 1941 Perl.
168 1899 196 1946 r.
218 1898 270 1940 ro.
293 1882 337 1939 in.
363 1880 413 1941 hie
431 1882 531 1960 portia
549 1882 674 1940 vicinos
691 1877 764 1940 lacit
778 1880 897 1940 lberos.
939 1879 1102 1940 Turbavit

57 1979 204 2042 Plinium
221 1979 283 2040 fine
300 1979 410 2048 dubio,
437 1981 524 2060 quod
541 1978 640 2050 sciret,
667 1981 740 2040 aliae
761 1981 828 2040 illas
841 1979 967 2062 Caspiae
983 1993 1100 2063 portae,

59 2099 139 2161 quae
161 2081 194 2140 in
216 2080 385 2141 Alexandri
408 2080 455 2141 M.
477 2080 681 2160 expeditione
705 2083 738 2139 in
765 2083 877 2161 primia
901 2099 1101 2144 commemo·

58 2196 188 2250 rantur,
214 2181 309 2265 longe
324 2180 362 2242 ab
382 2181 421 2243 iia
441 2179 627 2263 regionibua
644 2179 770 2250 distare,
796 2181 964 2243 Albaniam
988 2197 1100 2245 autem
1176 2258 1179 2264 Ι

60 2302 134 2344 cum
151 2281 288 2344 Caucaso
304 2301 480 2343 connexam
497 2280 568 2344 elle.
618 2282 703 2344 Sunt
721 2283 818 2365 igitur
832 2283 974 2363 duplices
988 2295 1099 2364 portae

59 2383 207 2466 Caspiae,
244 2385 323 2444 bene
345 2383 581 2468 distinguendae
604 2385 639 2444 in
664 2396 831 2445 auctorum
854 2384 1099 2456 narrationibut,

60 2486 137 2547 aliae
159 2505 257 2566 prope
282 2504 365 2545 mare
383 2484 550 2565 Caspium,
577 2484 633 2544 ubi
654 2484 689 2546 h.
709 2482 869 2556 Debent,
896 2485 983 2567 quod
1007 2498 1101 2568 puta·
1207 2530 1215 2547 .

59 2599 128 2656 tur,
151 2583 204 2664 (cl.
222 2587 368 2669 lleinegg
383 2583 507 2647 Belchr.
524 2585 555 2648 d.
573 2584 736 2647 Kaukalou
750 2588 790 2649 T.
805 2607 835 2651 ι.
851 2608 884 2669 p.
899 2608 913 2651 a
926 2590 995 2666 13.)
1020 2588 1099 2651 aliae

60 2689 144 2749 inter
166 2687 306 2748 Mediam
328 2700 360 2747 et
380 2686 557 2757 Parthiam,
586 2706 665 2769 quoe
683 2688 780 2750 hodie
802 2710 818 2750 a
839 2689 1031 2770 quibusdam
1053 2689 1100 2753 let

59 2801 167 2870 portes
193 2788 231 2848 de
257 2779 358 2881 Teflis
383 2789 550 2870 adpellatae
575 2789 651 2873 legi.
709 2789 873 2853 Caucasiae
896 2809 973 2851 vero
1000 2792 1100 2852 etiam

59 2887 201 2960 luerunt,
227 2909 301 2970 quas
321 2903 353 2949 et
370 2890 572 2951 Ptolemaeus
588 2903 621 2967 5.
640 2907 674 2969 9.
691 2890 844 2955 ‚Albaniae
858 2905 962 2959 vocat.
987 2890 1038 2952 led
1058 2891 1099 2953 ab
1218 2904 1224 2918 ·
1274 2876 1277 2883 ’

60 2990 181 3073 Calpiia
201 2990 338 3051 maxime
354 2988 492 3052 diversae
509 3004 545 3050 ut
561 2993 711 3062 nomine,
738 2994 781 3052 ita
797 2992 872 3062 latu,
899 2993 953 3052 etsi
971 2993 1099 3055 Stritte-

59 3113 115 3156 rue
132 3094 166 3153 in
189 3091 353 3152 Memoriie
368 3092 559 3173 populorum
577 3095 610 3152 in
631 3093 736 3155 indice
752 3093 870 3177 Geogr.
887 3089 908 3156 l.
924 3114 955 3153 v.
975 3094 1099 3154 Portae

61 3183 241 3284 Caucaseae
265 3193 423 3263 adfirmat,
458 3212 509 3255 eae
531 3190 618 3275 saepe
642 3213 659 3253 a
683 3191 886 3276 scriptoribus
911 3192 1098 3270 Byzantinis

60 3293 185 3376 Caspias
204 3294 326 3365 vocari,
351 3295 436 3375 quod
454 3314 492 3356 ex
511 3292 723 3376 superioribus
741 3295 908 3356 iudicatur.
948 3296 991 3355 At
1006 3295 1096 3375 quod

58 3398 147 3458 idem
163 3397 259 3458 Tum.
279 3409 312 3475 3.
336 3417 366 3478 p.
384 3397 442 3470 76.
464 3397 497 3456 in
515 3411 585 3459 not.
604 3396 692 3466 dicit,
717 3410 824 3478 portae
839 3393 964 3477 Caspiae
979 3417 996 3455 a
1012 3396 1098 3459 Geo-

57 3499 186 3584 graphie
204 3499 286 3558 inter
302 3496 442 3558 Mediam
456 3509 488 3558 et
501 3496 662 3558 Parthiam
679 3498 763 3558 haud
782 3497 894 3578 procul
911 3496 949 3557 ab
965 3496 1038 3559 Oxo
1059 3495 1097 3563 ll.

57 3601 157 3684 poni,
186 3599 276 3661 Oxue
293 3596 361 3661 latia
379 3599 454 3659 inde
469 3599 581 3680 procul
601 3614 744 3662 remotus
761 3598 814 3660 est.
850 3598 946 3659 Plura
963 3602 997 3658 in
1013 3598 1096 3661 hanc

56 3700 274 3783 quaestionem
297 3696 442 3762 dieleruit
466 3700 661 3762 Freinshem.
683 3702 723 3762 ad
747 3700 837 3762 Curt.
856 3700 890 3767 6.
912 3709 945 3781 4.
975 3717 1029 3784 ¹9·
1060 3715 1095 3764 et

56 3804 144 3885 quod
168 3803 206 3863 ad
227 3815 333 3885 portas
356 3801 513 3864 Caucaliae
533 3802 675 3881 Bayerue
698 3803 738 3866 de
761 3819 856 3864 muro
879 3796 1035 3863 Gaucaleo
1059 3803 1095 3865 in

56 3901 166 3990 opusc.
187 3922 220 3986 p.
238 3922 305 3965 roo
322 3900 389 3984 squ.
643 3985 645 3989 y

139 4003 375 4085 Niphates)
437 4002 492 4069 Gr.
518 3995 691 4090 Νιφάτης,
723 4017 763 4065 ut
783 4017 868 4066 recte
894 4001 985 4066 effert
1008 4002 1092 4069 Cod.

54 4106 192 4174 Palatio.
213 4107 250 4167 in
270 4104 455 4170 Ptolemaeo
474 4117 508 4188 5,
529 4120 587 4191 az.
610 4128 669 4197 pro
692 4100 895 4203 Νυμφάτης.
933 4102 1093 4191 Nababes
