2634 4716
121 397 184 457 620
392 394 556 458 >tom
595 312 908 453 E'XEGETICAB

117 569 253 652 Dionys.
270 579 406 652 maa.
445 571 544 655 Quod
558 583 666 633 tamen
683 570 872 653 Apollonius
889 563 1087 630 Caucasum
1104 583 1182 627 com·

118 685 296 745 memorat,
321 672 391 735 suae
407 673 500 735 aetati
516 671 637 738 tribuit.
689 672 842 753 Proprte
834 673 944 754 igitur
959 684 1001 732 et
1015 688 1060 730 ex
1077 666 1181 729 usitate

116 775 258 846 ratione,
281 786 321 836 ut
334 794 373 837 ex
390 774 542 856 superiori
558 773 721 836 Strabonie
737 774 807 834 loco
826 770 991 841 discitur,
1022 772 1178 852 incipiunt

118 875 199 938 binc
215 889 344 940 montee
358 875 517 946 Colchici,
539 878 595 957 qui
611 852 785 960 progressi
776 894 849 937 cum
865 874 942 936 aliie
962 873 1154 937 cohaerent.

133 1006 397 1091 Taurici)
434 1007 460 1070 Δ
479 1006 654 1072 Tauricies.
671 1008 785 1069 Tauria
800 1008 920 1069 accosie
943 1027 1060 1089 prope
1077 1006 1176 1067 Maeo-

114 1110 165 1201 tin
180 1123 213 1172 et
232 1111 395 1171 Euxinum
410 1129 496 1171 mare
512 1129 632 1173 nomen
650 1112 733 1172 nacti
748 1110 914 1180 videntur,
936 1112 1093 1171 maxime
1106 1126 1173 1170 cunr

114 1208 241 1276 Pliniue
254 1213 287 1283 6,
305 1223 339 1289 5.
361 1213 434 1297 iuga
449 1196 591 1283 Caucasi,
617 1232 714 1294 quem
730 1212 763 1272 in
780 1211 897 1273 eodem
915 1230 1016 1273 nexu
1031 1213 1174 1273 nominat

112 1331 176 1398 pro
191 1312 358 1376 Cerauniie
373 1313 487 1386 Melae,
511 1317 551 1376 in·
559 1315 723 1377 Euxinum
739 1327 773 1375 et
783 1313 952 1374 Maeotida
973 1314 1106 1376 devexa
1120 1311 1172 1376 ese

113 1414 210 1477 dicet.
271 1419 313 1478 nt
340 1418 413 1496 quia
436 1416 521 1477 uuili
544 1432 671 1479 moutea
696 1414 822 1477 Taurici
850 1414 899 1474 ibi
929 1431 1169 1485 memorantur,

111 1502 217 1579 immo
233 1517 399 1599 proximue
413 1518 533 1579 adiacet
553 1517 673 1588 Corax,
688 1536 784 1598 quem
799 1514 914 1578 Noster
929 1515 1122 1603 subiungit,
1136 1536 1172 1580 ue

15 1690 18 1699 Ι
111 1626 236 1679 temere
257 1617 407 1680 transilire
428 1631 460 1679 at
479 1621 585 1701 vagari
608 1633 756 1702 cogatur,
788 1619 827 1679 ad
851 1618 1017 1683 ordinem
1041 1623 1170 1704 propiue

107 1715 201 1789 sicit,
225 1716 266 1778 de
279 1719 385 1778 Tauro
404 1716 491 1779 sensu
512 1716 657 1780 strictiori
674 1719 870 1803 intelligere,
894 1721 956 1800 qui
974 1708 1049 1784 erat
1069 1724 1104 1784 in
1123 1725 1170 1786 Ar·

63 1880 66 1887 ,
107 1819 224 1881 menia
240 1837 339 1901 prope
361 1818 522 1905 Elegiam,
556 1820 642 1882 unde
666 1817 765 1882 facilia
788 1819 832 1880 est
855 1822 1013 1887 transitus
1038 1827 1082 1887 ad
1105 1824 1171 1888 Mo·

107 1916 232 1981 sobicoe
252 1931 392 1989 montet
425 1920 509 1985 vid.
522 1911 606 1985 Psin.
623 1932 654 1998 5,
680 1937 738 1985 no.
761 1919 819 1984 [ἢ
803 1931 860 2000 (9.4
914 1922 1059 1998 Obsiat,
1090 1926 1169 2009 qnos

105 2016 225 2092 sturio,
251 2021 331 2092 hoc,
357 2023 443 2105 quod
466 2043 483 2084 a
502 2008 652 2113 fientibus
671 2022 888 2084 accolentibue
903 2027 1054 2089 uomina
1073 2027 1170 2090 sumu

104 2118 197 2186 iiim
216 2121 328 2186 Noster
343 2126 534 2209 profitetur.
556 2126 646 2185 Tum
661 2125 787 2187 Taurue
804 2123 857 2184 iiie
872 2126 1013 2207 proprio
1031 2132 1170 2194 nomine

103 2212 309 2307 pertinetur!
335 2226 517 2288 Armeniam
540 2212 578 2286 ab
608 2225 667 2287 hac
691 2245 764 2297 ora,
801 2244 895 2306 quarn
921 2226 1095 2294 bactenue
1121 2233 1170 2294 de·

104 2320 233 2408 scripsit,
258 2326 349 2403 (dicit
364 2329 453 2389 enim
468 2328 556 2404 binc)
573 2340 750 2398 remotam,
776 2326 830 2386 rel
844 2324 884 2386 stc
904 2335 1023 2392 vocari
1048 2333 1169 2417 potesta

44 2436 49 2453 ¹
69 2420 72 2427 ¹
103 2420 259 2488 Tauricos
272 2446 349 2491 vero
365 2441 491 2489 montes
504 2448 662 2510 nuaquanr
679 2428 764 2509 apud
778 2428 855 2489 alioe
871 2427 1005 2496 iuveni.
1035 2434 1170 2500 Pliniue

104 2538 140 2606 6.
154 2514 218 2605 ¹27.
235 2526 257 2590 s.
284 2532 451 2613 praeponit
470 2528 533 2590 boc
549 2531 663 2591 ordine
680 2526 910 2612 Paryorudres.

101 2706 104 2713 ,
179 2651 372 2751 Moschi)
353 2659 487 2743 )Gr.
507 2658 671 2745 Μοσχικσῖ
699 2653 768 2749 ὄρη.
819 2661 1008 2742 Pliniue5,
1040 2684 1108 2753 27.
1134 2674 1167 2737 iu

103 2756 252 2847 singulari
266 2753 395 2852 Muses
373 2782 460 2827 nuru.
496 2763 628 2827 Nomen
646 2777 809 2825 traxerunt
825 2784 842 2823 a
857 2762 1004 2847 Moscbie
1018 2775 1166 2855 populie,

77 2864 145 2927 -de
165 2863 282 2945 quibua
298 2861 353 2924 suo
369 2866 452 2927 loco
505 2865 602 2948 Quod
618 2864 656 2926 ad
675 2864 779 2933 snum
805 2864 916 2927 Strabo
941 2888 998 2932 ιι.
989 2892 1061 2954 ..p
1077 2889 1164 2959 359

100 2958 179 3030 s.‹
126 2975 164 3049 4
169 2981 227 3044 jo
243 2962 265 3025 s.
289 2964 443 3027 Colchida
456 2980 489 3030 et
505 2964 679 3030 Caucasum
693 2967 842 3046 adponit
874 2966 944 3047 posi
969 2991 1052 3056 pag.
1074 2990 1163 3058 359

100 3065 124 3132 s.
143 3079 237 3145 521.
234 3065 327 3128 -'‘ab
305 3087 345 3128 ue
358 3068 543 3129 Armeniam
559 3069 597 3129 ad
620 3067 723 3129 iberae
743 3081 776 3128 et
796 3067 935 3130 Albanos
956 3074 1166 3142 circumdari

100 3164 215 3239 refert,
241 3181 274 3229 et
295 3189 327 3251 p.
345 3169 429 3247 363.
445 3165 528 3229 [ἡ
484 3182 569 3247 5.7.
591 3167 783 3238 Caucasum,
815 3169 871 3229 ubi
886 3170 1088 3239 Armeniam
1110 3183 1165 3245 ad.

99 3273 191 3355 tigit,
220 3289 294 3331 cum
315 3269 358 3332 iie
379 3272 542 3353 connecti.¹
588 3272 641 3333 Sic
663 3291 691 3332 r.
715 3291 748 3353 p.
766 3281 826 3348 42.
845 3270 865 3333 s.
884 3272 945 3335 61.
971 3274 1102 3343 iietiem
1128 3296 1164 3346 et

101 3373 187 3451 Cyro
204 3367 239 3432 sl.
260 3370 398 3432 iberiam
417 3370 456 3432 eb
476 3372 626 3434 Armenia
647 3370 775 3455 separari
804 3369 920 3435 scribit.
975 3375 1164 3447 consentit

98 3458 285 3538 Plutarchus
308 3474 341 3532 in
360 3471 517 3556 Pompeio
541 3493 608 3555 cap.
627 3482 685 3555 54.
710 3477 765 3556 qui
788 3473 891 3535 iberae
906 3474 947 3534 ad
964 3476 1162 3551 Moschion·

97 3589 227 3639 moutee
249 3587 283 3636 et
302 3575 463 3644 Pontum,
496 3575 634 3637 Albanoe
649 3575 688 3636 ad
704 3574 853 3658 Caspium
873 3595 960 3639 mare
983 3587 1161 3661 pertinere

97 3691 213 3741 narrat.
254 3672 305 3738 ci.
329 3674 418 3757 supra
442 3676 479 3737 ad
503 3680 532 3754 §.
553 3693 609 3741 ια.
633 3687 667 3737 et
686 3677 726 3738 de
748 3678 951 3739 Amazonicie
972 3690 1161 3753 montibus

98 3782 138 3843 ad
159 3784 189 3862 §.
208 3796 243 3859 9.
268 3777 326 3838 ubi
346 3779 385 3839 de
408 3775 554 3841 sontibue
569 3778 823 3842 Thermodontis
839 3778 1044 3860 disquiritur.

175 3900 352 4001 Caspii)
397 3909 572 3990 Aliquotiee
590 3913 623 3970 in
643 3908 829 3972 Ptolemaeo
852 3912 985 3974 unitatie
1003 3936 1158 3987 numero

100 4026 135 4094 5,
156 4026 212 4091 13.
235 4024 504 4074 commemoratur
527 4006 674 4074 liniuntur
698 4002 787 4097 ὅρος,
816 4011 903 4072 etsie
921 4006 1081 4104 Caspim,
1110 4022 1154 4091 [9,

98 4135 205 4186 mone,
228 4115 262 4172 iu
284 4113 389 4177 Plinio
406 4126 440 4191 5,
457 4128 516 4189 27.
538 4106 578 4176 τὸ
596 4105 742 4175 Κάσπιον
763 4113 797 4173 iu
811 4112 968 4176 Strabone
989 4139 1020 4180 ι.
1040 4127 1155 4205 969,

97 4216 121 4283 t
136 4235 198 4300 91.
219 4214 348 4305 iegitur.
383 4217 432 4282 lu
447 4211 717 4312 vero-caucasum
730 4212 770 4279 ab
785 4215 899 4280 auctu
916 4222 1029 4282 vocari
1052 4228 1156 4291 uadi
