2634 4716
255 403 308 462 rra
335 401 473 462 roua.
504 382 611 471 orac.
652 403 688 462 1.
710 406 734 461 1.
776 402 910 479 cxix.
951 403 1051 478 c27.
1120 398 1188 493 tat-

135 574 169 638 'et
194 577 228 639 in
254 576 385 641 obversa
406 593 496 663 parte
519 575 627 641 versuo
652 575 912 660 septemtrionem
934 579 1048 644 habeat
1072 582 1184 649 omnia

123 671 279 742 'curvata'
325 680 441 764 Neque
467 682 499 742 id
525 682 659 743 ulterius
683 684 814 745 extendi
840 674 953 754 debet.
987 699 1083 767 prout
1106 680 1183 749 saclt

133 800 241 844 errans
257 778 391 853 Volscus.
413 785 468 865 qui
484 784 604 865 quaerit
622 779 860 866 speciemarcua
876 784 1031 869 Scythici,
1058 787 1098 848 de
1114 800 1182 868 quo

133 880 188 943 hic
220 883 304 944 nihil
337 887 470 971 cogitari
495 885 609 969 potest.
648 904 672 948 r.
698 904 895 951 oaoaorrva
918 887 995 951 MS.
1057 882 1181 977 Vocem

132 986 378 1067 praecedentem
399 984 557 1049 obductus
576 986 712 1069 explicat
735 989 880 1073 Kappiua
904 990 937 1051 in
960 988 1068 1053 indice
1089 988 1123 1054 b.
1137 983 1180 1071 nul.

132 1084 166 1145 lu
178 1086 345 1169 angustum
361 1102 551 1159 contractus.
575 1103 612 1150 ut
622 1102 655 1168 5,
665 1088 698 1160 6,
708 1101 743 1168 4.
760 1113 781 1151 o
796 1102 917 1174 tergore
933 1088 1098 1155 obdrrctus.
1119 1072 1181 1183 ’οᾇ

131 1187 177 1248 esi
200 1190 332 1260 circum,
356 1204 388 1255 et
411 1191 450 1252 ad
473 1190 578 1252 Melae
603 1182 850 1275 descriptionem
876 1193 981 1266 valen
1018 1190 1181 1280 anguillula

129 1290 225 1359 notio
240 1291 284 1355 est
301 1292 337 1354 in
356 1293 439 1358 lacu.
473 1290 526 1359 Cs.
543 1292 583 1354 ad
601 1306 634 1373 5,
653 1306 687 1373 5,
708 1315 738 1357 ι.

133 1560 135 1565 .
298 1494 416 1574 §.17.
449 1495 699 1578 Maeotici)
748 1498 936 1563 itaetcurn
952 1493 1182 1573 Nostrorocat

130 1592 216 1657 Piin.
233 1595 266 1667 6.
283 1610 316 1671 7.
333 1597 377 1662 in.
420 1596 549 1660 Graecis
580 1595 653 1659 sunt
678 1597 854 1671 Monstrat,
883 1597 1101 1677 ¹art-Straboni
1121 1617 1179 1673 aar.

129 1715 201 1781 pag.
222 1706 306 1777 540.
331 1697 458 1779 [495.
500 1698 659 1779 Dionysro
682 1720 714 1761 v.
728 1702 813 1781 655.
857 1698 1038 1780 Stephano,
1069 1692 1179 1765 schot.

129 1796 295 1878 Apollonii
318 1800 356 1862 ael
373 1814 407 1878 3,
430 1818 443 1859 r
451 1818 512 1881 99.
564 1796 719 1861 Maeotae
738 1794 778 1861 ex'
802 1800 924 1860 Latinis
946 1798 1065 1862 babent
1080 1802 1180 1883 etiam

129 1895 308 1959 Priscianus
323 1920 357 1962 v.
372 1901 457 1979 644.
481 1900 598 1962 Auien.
615 1921 649 1981 v.
666 1912 750 1976 855.
777 1900 969 1962 A'mmianua
986 1918 1044 1970 22.
1064 1910 1097 1977 8.
1126 1898 1181 1966 su'a

130 1996 267 2061 dialecto
289 1999 526 2080 Herodotuelp.
548 2012 642 2087 123.¹
657 2000 819 2083 Μαιῆται.
844 2076 847 2081 .
873 1988 1004 2064 Femina
1029 1996 1181 2081 M'oruirtf

130 2101 217 2184 apud
239 2100 392 2180 Polyaen.
409 2114 442 2180 3,
462 2110 521 2178 55.
540 2096 586 2162 in.
638 2100 779 2162 (iontem
797 2092 983 2179 Scythicam
1004 2106 1179 2168 maximam

130 2194 165 2266 et
179 2192 384 2267 numerosam
400 2202 478 2264 dicit
494 2201 693 2285 Stephanus,
719 2200 900 2263 bellicosam
916 2203 1028 2266 Strabo
1045 2224 1071 2266 c.
1095 2204 1116 2266 l.
1144 2196 1180 2269 et

126 2292 173 2367 'ex
189 2321 230 2365 eo
248 2302 390 2368 Euslath.
403 2304 443 2365 ad
459 2301 594 2383 Dionys.
611 2326 644 2366 v.
658 2315 742 2384 549.
789 2304 945 2387 Regioni,
968 2323 1048 2385 quae
1063 2274 1179 2369 biarci-

130 2426 180 2482 τις
200 2408 387 2468 nominatur
406 2403 445 2468 ab
461 2405 607 2488 Appiano
623 2407 656 2467 in
674 2405 821 2466 Mithrid.
842 2425 909 2487 cap.
930 2421 1010 2470 102.
1049 2398 1179 2469 Mithri·

132 2506 238 2569 datico
273 2522 419 2589 tempore
451 2522 617 2590 praeerant
648 2508 742 2568 multi
780 2500 894 2591 reguli.
956 2498 1179 2572 Continentur

131 2623 242 2672 eutem
258 2611 445 2672 eonomine
463 2614 593 2679 oniaco,
620 2610 676 2691 qui
694 2628 710 2671 a
723 2608 867 2694 Bosporo
883 2608 924 2670 ad
938 2610 1060 2681 Tanain
1075 2590 1179 2694 utqub

132 2708 331 2775 babitabant.
354 2708 489 2795 (Strabo
510 2730 586 2771 cum
610 2709 730 2796 Mela.)
780 2714 820 2773 ln
842 2713 881 2773 iia
898 2712 1051 2775 lxarnrtaa
1075 2708 1177 2787 suilse.

131 2826 238 2895 aperte
261 2813 396 2875 declarat
411 2831 592 2891 anonymus
609 2814 644 2873 in
664 2814 786 2897 periplo
801 2834 833 2895 p.
853 2829 886 2877 a.
902 2812 1005 2877 Huds.
1035 2816 1087 2889 ¹Iu
1107 2815 1179 2891 aliia

130 2910 342 2986 dissentiunt,
368 2928 424 2975 aut
440 2928 525 2976 certe
542 2916 680 2986 variant,
704 2919 779 2997 quia
791 2916 838 2977 illi
856 2916 969 2998 populi
983 2912 1070 2979 sedec
1086 2914 1176 3001 saepp

131 3027 308 3079 mutarunt.
345 3017 394 3081 Ab
409 3014 478 3097 ipso
495 3015 652 3078 Strabone
666 3037 679 3077 ι
692 3037 721 3083 ι.
736 3038 769 3101 p.
786 3027 870 3098 541.
887 3014 909 3078 s.
927 3024 1013 3100 495.
1036 3017 1177 3093 Maeotia

131 3116 385 3179 adriumerantur
406 3117 510 3189 stadt,
531 3117 711 3189 Dandarii,
742 3119 902 3193 Toreatae,
927 3119 1016 3199 Agri,
1038 3104 1175 3193 Atriclrt'.

136 3216 289 3295 Tarpetes
304 3219 376 3303 (a),
401 3216 598 3291 Obidiacem',
617 3220 780 3291 Sittaceui,
804 3211 921 3315 Dosci.
942 3212 1173 3312 Asparagitoari,

131 3313 253 3381 omissae
265 3317 343 3379 aliie.
371 3320 421 3380 Ex
436 3322 475 3382 iia
488 3320 623 3384 Toretaa
634 3323 687 3382 alii
704 3324 837 3404 propina
850 3322 889 3383 ad
905 3321 1049 3384 Pontum
1066 3323 1175 3397 locant

129 3420 217 3483 iuxta
237 3419 391 3490 Cercetae,
418 3435 455 3481 ut
471 3422 602 3501 Dionys.
618 3444 650 3484 v.
662 3425 747 3501 632.
766 3444 841 3484 cum
857 3420 917 3485 sula
932 3423 1172 3507 interpretibue.

129 3520 287 3604 Antiquae
308 3521 392 3584 illiue
416 3518 496 3585 sedit
518 3523 645 3609 vestigia
662 3524 945 3608 deprehenduntur
959 3529 995 3586 in
1008 3520 1176 3615 Topcrtuip

131 3614 239 3709 ἄκρα,
273 3625 322 3685 uti
342 3642 400 3707 pro
422 3622 586 3712 Toperiaa
607 3627 692 3708 apud
713 3626 852 3689 Ptolem.
870 3637 904 3705 5,
927 3644 963 3707 9.
985 3628 1098 3711 legunt
1118 3624 1174 3689 alss
1231 3710 1234 3715 .

131 3724 290 3798 editorem
325 3740 409 3790 recte
432 3726 573 3807 quidem,
596 3731 668 3810 quia
688 3729 727 3791 ad
743 3728 944 3792 Cerceticum
963 3727 1064 3790 finum
1079 3730 1174 3811 poni·
1309 3744 1312 3751 ·

131 3838 194 3889 tur.
231 3830 280 3888 lta
293 3828 411 3891 Sindos
425 3826 541 3891 Noster
560 3830 599 3891 acl
615 3828 791 3892 confinium
809 3830 981 3894 Maeotidis
999 3831 1107 3912 ponit,
1131 3830 1172 3894 de

130 3945 197 4010 quo
220 3930 287 3992 vid.
309 3932 348 3991 ad
371 3932 401 4011 §.
431 3941 486 4008 ι4.
554 3928 683 4014 Reliqui
712 3933 879 3995 Strabonia
908 3932 1020 4016 populi
1050 3946 1173 4015 praeter

130 4030 287 4093 Arrecboa
303 4045 336 4094 et
351 4032 528 4093 Dandarioa
543 4029 668 4094 obscuri
685 4031 768 4098 sunt.
804 4033 938 4106 Plinius,
959 4034 1064 4097 Melae
1080 4032 1173 4098 secta·

131 4126 192 4202 tor,
220 4134 252 4202 6.
271 4148 304 4208 7.
320 4135 367 4195 in.
389 4134 428 4195 ad
446 4134 569 4195 Tanain
585 4152 715 4217 nequer
731 4133 874 4219 Bosporo
893 4137 927 4197 in
942 4136 1109 4201 Maeoticis
1124 4124 1171 4200 r'e'·

132 4231 239 4296 censet
255 4231 368 4309 Volat,
390 4231 515 4309 Serbos,
531 4236 696 4310 Artorius,
717 4238 871 4313 Ziaclros,
892 4228 1029 4332 Pfistos.
1063 4226 1171 4302 Ptole·

1290 1935 1297 1975 l
