2634 4716
197 401 250 462 ru
278 398 417 462 cour.
445 400 551 460 nar.
590 400 673 460 cr.
713 397 848 471 extu
889 363 969 473 te
1039 346 1105 484 ere

62 575 201 653 declarat
220 529 351 641 Solinus
374 594 443 659 cap.
462 585 523 658 4¹·
545 573 568 641 l.
585 587 643 656 38.
671 597 790 660 nempe
810 590 907 660 prout
928 595 1107 663 regnorum

10 706 15 719 ¹
63 677 290 743 converlionee
313 676 431 743 sedant.
483 678 568 742 Cum
596 677 682 754 Mela
703 677 769 743 lere
791 678 946 743 conlenlit
970 680 1107 747 artemi·
1237 678 1242 689 '

61 781 183 851 dorue.
202 782 258 861 qui
273 779 429 844 Strabone
444 781 521 845 telle
541 790 595 861 14.
613 801 646 864 p.
662 779 751 860 460.
767 779 788 847 l.
805 779 889 855 670.
911 769 1106 846 Celenderin

59 883 178 946 itidem
203 881 378 946 terminum
398 880 514 946 llatuit.
565 882 630 943 Sed
650 879 691 947 ci.
712 902 792 965 quae
816 884 857 946 de
880 884 938 945 hae
954 884 1108 950 varietate

60 983 218 1050 differunt
238 982 405 1048 Salmaltur
428 984 466 1045 ad
489 983 593 1048 Solin.
614 1003 646 1066 p.
666 1004 712 1050 m.
727 994 812 1063 542.
831 998 956 1066 praeter
966 983 1108 1070 Geogra·

60 1086 157 1171 phur.
187 1089 328 1149 incertae
339 1085 508 1149 fluctuatur
520 1083 584 1168 ipse
594 1084 808 1157 Ptolemaeus,
823 1088 942 1168 quippe
956 1087 1011 1168 qui
1027 1098 1061 1164 5,
1071 1096 1107 1164 5.

59 1190 99 1251 in
121 1185 330 1269 descriptione
355 1172 560 1270 Pamphyliae
581 1187 780 1272 interpositae
803 1188 953 1269 producit
975 1186 1107 1252 Ciliciae

60 1287 186 1373 asperae
220 1289 314 1351 urbea
347 1289 505 1361 litorales,
541 1290 695 1368 Syedratn
720 1302 754 1351 et
779 1288 997 1361 Coracellum,
1039 1289 1109 1372 poll

60 1409 131 1472 cap.
152 1403 186 1467 8.
209 1392 255 1452 in.
300 1391 509 1480 Pamphyliae
534 1391 649 1456 urbem
674 1391 773 1462 dicit,
804 1387 947 1464 leuatur,
979 1392 1108 1477 opinor,

61 1492 194 1556 civilem
219 1492 388 1557 rationem.

107 1693 409 1779 ⁴Celenderis)
467 1695 524 1760 Gr.
548 1691 745 1784 Κελένδερις.
797 1694 849 1760 Aa
872 1708 906 1759 et
940 1691 1108 1770 comere.

60 1795 106 1861 de
125 1815 164 1860 eo
179 1797 243 1858 dixi
265 1800 299 1860 in
316 1798 404 1862 notit
418 1797 535 1862 niticis
548 1800 588 1887 ad
607 1797 641 1862 h.
656 1799 680 1863 l.
704 1821 738 1884 p.
752 1795 839 1879 456.
872 1796 992 1881 ,Quod
1008 1795 1110 1865 refert

58 1898 277 1980 Apollodorur
294 1913 327 1977 3.
347 1909 403 1979 ιι).
422 1917 455 1984 3.
481 1899 597 1964 urbem
611 1899 693 1964 hanc
706 1897 853 1963 condidit
865 1899 1039 1971 Sandaina„
1059 1901 1110 1963 uti

60 2018 108 2064 ex
129 1999 255 2064 dissue
275 1996 415 2082 reposuit
440 2000 557 2079 Heyne
580 2018 639 2083 pro
661 2002 843 2070 Saudocua.
877 2001 932 2082 qui
953 2020 995 2063 ex
1018 2003 1109 2082 Syria

61 2102 253 2164 advenerat:
294 2099 408 2184 Neque
431 2112 537 2162 tamen
562 2119 637 2163 cum
656 2120 697 2163 eo
719 2113 842 2185 pugnat
865 2100 998 2171 Noster.
1028 2101 1110 2167 dum

10 2190 12 2194 ’
60 2202 250 2275 Samiorum
282 2202 442 2267 coloniam
463 2202 571 2272 Adicit.
607 2200 629 2261 li
662 2215 848 2284 temporum
881 2201 1046 2264 intervalla
1075 2216 1111 2266 et
1224 2242 1227 2247 -

61 2303 194 2367 urbium
219 2303 306 2368 vicet
332 2303 524 2387 spectentur.
575 2302 713 2366 Portum
739 2313 973 2365 commemorat
995 2302 1111 2366 Strabo

68 2415 127 2486 ²4·
148 2425 181 2488 p.
202 2405 288 2484 464.
307 2405 330 2470 l.
350 2406 435 2480 670.
459 2418 493 2466 et
511 2403 671 2467 literalem
689 2403 805 2466 urbem
821 2398 895 2465 lacit
908 2402 1114 2492 Ptolemaeue

64 2519 102 2587 5,
120 2521 156 2584 8.
182 2506 270 2587 quod
293 2505 476 2588 impliciter
492 2517 588 2589 negat
602 2505 770 2568 Salmaliue
785 2503 825 2567 ad
846 2504 931 2568 Flor.
947 2515 982 2584 4,
1000 2521 1033 2576 a.
1050 2521 1108 2582 51.

25 2648 28 2661 ·
64 2608 171 2693 Regio
197 2603 399 2668 Celenderitis
421 2625 495 2667 cum
517 2606 640 2689 oppido
662 2600 865 2691 cognoscitur
886 2624 926 2669 ex
947 2604 1057 2670 Plinio
1075 2619 1111 2687 5.

65 2725 127 2775 αα.
146 2706 168 2771 l.
193 2722 252 2783 27.
282 2707 371 2789 quod
397 2705 586 2791 dignitatem
619 2706 666 2768 illi
690 2707 840 2778 adstruit,
878 2709 988 2770 numia
1012 2709 1111 2772 etiam

65 2810 145 2875 cufi·
163 2809 401 2880 confirmatam,
433 2810 468 2869 iu
489 2807 608 2891 quibua
630 2796 865 2894 Kadevdtprrorv
884 2822 919 2871 et
939 2803 1112 2892 Kadevdpr·

63 2933 127 2980 νων
151 2912 306 2982 occurrit,
332 2909 388 2974 etii
409 2908 614 2992 polleriuretn
628 2907 767 2973 lormanl
787 2910 955 2992 impugnat
970 2908 1109 2975 Eckhel.

64 3014 101 3078 iu
120 3013 267 3074 doctrina
289 3031 381 3075 uum.
404 3010 442 3075 P.
462 3031 493 3077 r.
515 3012 587 3075 Vol.
605 3025 640 3091 3.
664 3029 736 3094 pag.
752 3024 813 3088 52.
860 3009 1036 3079 ,catenum
1053 3010 1112 3076 lua

63 3127 168 3181 aetate
184 3113 360 3176 admodum
374 3113 538 3174 munitum
552 3112 631 3176 dicit
644 3113 746 3175 Tacit.
764 3109 878 3174 Annal.
897 3128 931 3183 a.
946 3123 1007 3190 80.
1041 3110 1111 3176 Ho-

64 3217 218 3283 diernum
239 3232 361 3278 nomen
383 3213 472 3279 varie
490 3227 641 3278 notatum
661 3209 795 3291 iuven,
822 3211 994 3298 Polopolt‘,
1021 3213 1111 3279 Orio·

64 3338 159 3392 nero,
187 3315 380 3384 Canderolo'.

144 3517 367 3604 Nagidos)
415 3512 563 3605 Ναγῖδος
583 3515 766 3601 stephano.
798 3521 858 3604 qui
875 3531 980 3584 vocat·
993 3517 1109 3586 urben

64 3624 155 3689 inter
179 3622 326 3685 Ciliciam
348 3633 382 3685 et
404 3618 644 3705 Pamphyliam.
676 3640 772 3706 quam
796 3622 957 3687 Hecataeo
981 3636 1111 3687 tuotone

63 3728 106 3791 in
127 3725 196 3790 Alia
217 3722 339 3809 Naugia
367 3720 561 3809 gubernator
582 3721 772 3787 condiderit.
824 3723 946 3787 ludim
965 3724 1111 3789 notando

65 3840 163 3897 caute
178 3825 245 3911 egit
259 3823 449 3909 Stephanae,
474 3824 537 3894 rel.
562 3823 648 3906 quod
664 3824 817 3889 Cellarine
832 3837 925 3910 putat
939 3826 975 3890 ln
990 3824 1107 3910 Geogr.

65 3942 135 3995 ant.
151 3941 184 4009 3.
201 3927 235 3997 6,
253 3924 311 4007 56.
339 3924 460 3990 Melam
474 3923 597 3989 locutae
611 3925 665 3998 eli,
685 3926 707 3990 li
725 3924 841 3990 lcilioet
856 3928 963 3993 norit.
1001 3926 1112 3991 Incola

64 4029 155 4117 apud
170 4027 372 4114 Stephanum
393 4015 573 4111 Ναγιδεῦς,
597 4039 631 4091 et
644 4026 684 4093 fic
697 4027 732 4091 in
746 4046 850 4093 numo
866 4028 904 4093 1..
919 4028 993 4091 Veri
1008 4026 1111 4113 Ναγι·

66 4130 151 4201 ὃεων
172 4131 348 4217 reperitur3
381 4131 418 4199 in
438 4128 509 4196 allia
526 4123 726 4219 Neptitana,
755 4129 845 4217 quod
863 4144 956 4197 autea
972 4126 1109 4197 Eaklrel.
