2634 4716
214 406 275 489 264
477 402 646 468 u-oran
686 362 1014 469 nxaoarronn

212 584 371 650 castellum
386 581 510 655 ,Strabo
532 580 587 645 lib.
612 597 668 658 17.
685 602 714 645 a.
739 581 762 645 i.
795 597 832 644 nt
855 583 1061 645 Ptolemaeus
1078 590 1113 661 4,
1137 585 1175 662 4.
1203 579 1260 642 cui

213 688 331 752 dicitur
350 671 577 775 Δῦτομάλαξ,
603 697 723 748 etanta
737 683 860 746 Borion
878 686 1149 767 promontorium.
1173 682 1260 743 ultra

212 789 300 873 quod
321 801 354 851 et
373 788 543 868 Phycunta
565 787 697 849 reiicero
717 786 846 848 videtur
872 785 973 855 Mela,
1005 785 1061 867 qui
1082 799 1193 849 tamen
1215 783 1259 845 iio

212 891 352 975 intelligi
374 889 487 959 debet,
514 901 552 948 ut
572 888 632 950 hnc
653 886 893 970 obportunitate¹
907 884 980 949 usur
995 901 1095 950 totam
1110 884 1166 948 hta
1183 886 1260 964 Syr·

211 995 273 1056 tim
295 991 386 1055 timul
408 990 638 1072 complectatur
655 1002 688 1051 et
710 989 786 1051 inde
807 988 847 1050 ad
868 989 925 1050 has
948 1007 1014 1051 arae
1036 985 1259 1051 describenda

137 1094 142 1109 ”
212 1094 357 1163 accedat,
390 1111 487 1174 quem
514 1109 643 1154 morem
666 1088 752 1173 [equi
776 1083 888 1174 paffim
914 1104 1058 1152 auctores
1078 1091 1117 1150 ad
1143 1087 1257 1151 seriem

210 1195 400 1259 narrationis
423 1210 491 1255 uuo
519 1192 645 1254 ambitu
667 1191 896 1255 continendam
917 1210 957 1254 ex
977 1188 1123 1255 Sallustio
1147 1190 1260 1253 docuit

211 1296 313 1362 Corte
328 1295 366 1357 ad
382 1296 454 1379 lug.
472 1312 539 1384 cap.
559 1311 616 1375 19.
633 1305 668 1371 3.
719 1294 811 1356 quta
832 1312 884 1356 eae
897 1311 974 1355 vero
997 1285 1081 1380 ὅρων
1099 1287 1260 1380 ’Δφρικῆς

202 1395 378 1469 ‚constituit
406 1386 505 1481 etiam
532 1394 737 1459 Ptolemaeus
759 1407 794 1470 4.
821 1406 856 1474 5.
886 1407 920 1456 et
944 1393 1155 1472 Cyrenaicum
1181 1393 1259 1455 inde

202 1499 347 1580 incipit.
372 1511 409 1558 ut
430 1496 545 1559 Strabo
563 1510 620 1573 17.
641 1515 669 1558 c.
685 1496 708 1559 l.
741 1495 897 1577 Polybiou
918 1508 950 1575 5.
974 1488 1031 1576 3'9,
1057 1512 1089 1557 n.
1126 1494 1259 1558 Orofiuo

220 1620 251 1671 ι,
276 1617 307 1660 o.
341 1597 464 1664 Borion
483 1611 592 1660 tamen
615 1599 793 1659 terminum
815 1595 890 1658 facit
914 1597 1041 1660 Piirriut
1063 1608 1096 1675 5.
1121 1607 1158 1675 5.
1184 1616 1260 1659 aum

125 1712 126 1716 ’
215 1700 250 1763 id
270 1702 304 1761 in
320 1698 494 1779 Cyrenaica
509 1712 740 1761 commemoret
755 1698 959 1762 Ptolemaeut
973 1709 1008 1781 4.
1022 1709 1059 1777 4.
1093 1699 1261 1762 luterTa·

213 1801 306 1887 gulia
324 1812 357 1863 et
373 1798 538 1862 Anabuoin
556 1799 640 1860 haud
656 1799 767 1880 procui
781 1820 798 1861 a
810 1797 959 1879 syrtibus
971 1799 1152 1864 minoribur
1167 1800 1261 1882 ponit

98 1950 107 1971 ,
214 1901 320 1965 tabula
336 1900 611 1986 Pontinger.V11.
631 1898 787 1983 adscripto
800 1901 922 1984 duplici
938 1921 1063 1963 ararum
1078 1901 1170 1985 tigno
1184 1920 1262 1964 oum

214 2002 439 2073 adnotatione.
473 2003 553 2065 finer
570 2001 616 2062 ibi
635 2000 696 2063 effe
718 1999 840 2065 Africae
859 2016 891 2064 et
910 2002 1156 2081 Cyreneniium.
1207 2004 1262 2067 Sia

215 2104 302 2167 iuter
324 2101 499 2186 superiores
519 2102 613 2166 uther
634 2105 729 2185 ponit
750 2103 868 2189 Geogr.
892 2104 1039 2166 Ravenn.
1057 2117 1090 2184 5,
1111 2112 1149 2185 4.
1166 2116 1202 2184 5.
1227 2117 1262 2167 et

96 2227 118 2285 j
218 2216 252 2284 5,
277 2206 328 2270 6.'
345 2207 379 2266 in
403 2224 468 2288 quo
501 2202 705 2267 consentiunt
733 2224 809 2266 oum
835 2205 1022 2268 Ptolemaeo
1046 2215 1085 2284 4,
1105 2219 1140 2299 3.
1176 2206 1263 2290 apud

214 2326 312 2391 quem
341 2306 495 2386 vagula
517 2308 552 2368 in
574 2292 683 2368 aarum
706 2306 825 2369 ricinia
848 2305 996 2388 adparet,
1023 2317 1150 2370 tantum
1172 2307 1263 2392 quod

208 2406 272 2470 'hic
291 2409 329 2469 ad
346 2408 455 2487 Syrtin
475 2411 631 2469 maiorem
649 2406 805 2479 conloort.
855 2406 979 2491 Quodsi
995 2420 1143 2471 notatum
1159 2410 1196 2472 in
1218 2423 1263 2470 ta·

214 2507 290 2569 bula
307 2507 399 2568 suum
415 2525 488 2568 cum
505 2509 663 2570 Antonini
681 2509 843 2570 itinerario
856 2528 889 2591 p.
907 2509 966 2586 65.
987 2528 1166 2593 oomparea.
1187 2529 1263 2575 con·

217 2605 349 2690 spiritur
362 2606 408 2667 ibi
422 2607 632 2668 Banadedari
651 2605 674 2671 f.
691 2610 893 2672 coniectante
908 2609 1117 2696 wettelingio
1137 2612 1262 2674 Barata·

216 2706 331 2768 dedari
351 2709 373 2769 i.
395 2726 424 2768 e.
448 2727 517 2769 arae
540 2706 721 2778 cursorum,
752 2711 868 2790 inquo
887 2706 1047 2801 Punicum
1062 2730 1187 2776 nomen
1205 2714 1263 2775 de·

192 2803 368 2889 ¹,prensum
387 2805 448 2868 effe
469 2808 625 2872 videatur.
677 2810 764 2871 Inter
783 2825 949 2893 utramque
969 2814 1079 2893 Syrtin
1094 2812 1262 2896 proienm·

216 2919 271 2967 tur
286 2909 384 2968 etiam
405 2908 444 2968 ab
460 2907 573 2971 Orosro
592 2931 621 2979 ι,
645 2925 679 2973 2.
704 2923 736 2972 et
756 2911 795 2972 ab
816 2914 937 2974 incerto
952 2929 1080 2976 auctore
1094 2917 1180 2998 apud
1195 2918 1263 2980 sal·

217 3004 295 3070 mai.
317 3009 356 3068 ad
377 3008 480 3072 Solio.
498 3030 531 3091 p.
545 3031 591 3073 ur.
610 3012 691 3076 eoo.
743 3012 908 3076 Olivariuo
926 3015 964 3074 ad
986 3014 1128 3081 nostrum
1147 3017 1261 3081 locum

217 3106 317 3169 hodie
342 3121 433 3191 putat
458 3110 540 3171 dici:
577 3111 680 3173 Porto
704 3112 743 3173 de
769 3111 867 3176 saba.
917 3114 1004 3178 Cum
1026 3118 1129 3197 Syrtin
1156 3121 1261 3183 maior

126 3211 129 3217 ’
218 3205 479 3299 hodievvocetur
505 3203 606 3299 Golfo
633 3211 668 3272 ὀὶ
693 3213 805 3282 stara,
839 3233 915 3274 cum
940 3214 1097 3280 Strabone
1125 3219 1261 3306 aliiaqtta

201 3308 326 3389 quaeri
348 3309 468 3371 debent
487 3309 597 3374 versun
618 3326 725 3373 ortum
739 3314 879 3395 Tripolin
895 3329 929 3378 et
949 3317 1029 3380 ultra
1043 3319 1183 3387 Sidram.
1214 3323 1219 3337 ’

294 3504 437 3586 Hippo
461 3510 617 3591 Regius
625 3510 643 3591 )
678 3510 816 3576 Ptolem.
833 3524 868 3593 4,
887 3530 920 3596 5.
939 3514 1060 3585 Ἰππῶν
1071 3518 1262 3605 βασιλικός.

218 3605 401 3689 Stephanus
416 3627 519 3669 unum
535 3624 660 3671 tantum
676 3614 710 3673 in
724 3612 824 3693 Libya
838 3620 950 3690 ιιοιίις
976 3626 1059 3683 duos
1073 3626 1190 3692 Strabo
1204 3643 1263 3705 27.

217 3726 251 3792 p.
269 3720 354 3784 572.
378 3704 398 3765 i.
423 3720 507 3783 832.
533 3711 667 3771 alterum
694 3730 795 3794 propo
817 3715 956 3791 Uticam,
991 3724 1128 3788 aiterum
1159 3748 1263 3814 propo

217 3810 365 3876 Τιιιιιιιι,
390 3809 445 3887 qui
461 3809 505 3868 est
520 3810 649 3888 Regius,
672 3814 722 3871 uti
737 3830 854 3876 vocant
868 3821 964 3881 etiam
974 3824 1088 3889 Liviuo
1108 3843 1169 3908 29,
1179 3844 1216 3910 3.
1226 3846 1260 3908 7.

218 3909 303 3974 Plin.
322 3920 355 4005 5,
375 3904 445 3969 Μ.
465 3920 498 3985 5.
532 3907 812 3991 Geogr.Ravenn.
831 3929 862 3995 3,
881 3919 916 3982 6.
946 3933 978 3998 5,
1000 3935 1036 4003 4.
1071 3931 1262 3995 Antonium

218 4012 253 4074 in
270 4011 377 4070 itiner.
392 4025 424 4087 p.
442 4007 477 4070 6.
503 4021 536 4068 et
557 4008 632 4068 alibi
648 4028 721 4069 com
741 4012 820 4077 aliie.
857 4018 1038 4106 Utrumque
1059 4033 1225 4112 oppidum
1243 4052 1263 4097 t

219 4111 346 4177 am...
365 4106 527 4191 anuto·
546 4109 713 4172 conanum
729 4107 817 4178 furo.
835 4106 979 4186 aaaron
999 4127 1131 4197 sorau·
1151 4153 1182 4200 c.
1199 4147 1259 4216 ιο.
