2634 4716
183 438 238 496 ru
266 436 404 494 ronta.
436 436 542 493 nar..
583 409 667 492 ur.
709 436 843 494 crox.
886 437 965 509 aa.
1038 447 1102 517 547

50 610 77 677 s.
97 606 202 694 541.)
228 610 315 671 unde
337 610 436 671 etiam
459 609 645 690 Xenophon
672 610 712 673 tle
736 612 852 693 exped.
877 611 952 691 Cyri
970 608 1096 695 pamm,

51 728 91 775 nt
108 729 141 789 7,
159 729 192 782 o,
217 730 270 775 rc.
298 710 436 788 Thynoe
463 713 496 772 in
524 712 675 780 Thracia,
714 692 940 775 et'Thraciaun
968 718 1002 776 iu
1029 716 1098 777 Alia

52 819 109 894 (6.
127 825 161 894 tt.
180 816 248 891 in.)
269 827 511 876 commemorat.
541 810 592 876 Cf.
610 813 767 874 Herotlut.
788 828 820 892 3.
836 835 895 893 9⁰·
913 817 1004 879 ¹Poll
1022 818 1098 887 tulit

52 915 138 986 uiue,
172 930 219 985 ut,
255 917 325 996 quia
353 914 506 993 Bithynia
526 915 565 975 de
593 927 657 974 tota
684 914 742 974 hac
767 917 899 998 regione
926 921 1096 991 «liceretur,

52 1018 167 1097 Thyni
189 1020 287 1083 etiam
315 1016 468 1094 Bithynia
491 1017 741 1078 continerentur.
802 1019 903 1101 lgitur
927 1021 1096 1087 Clarulian.
1200 1096 1203 1101 Δ

53 1121 89 1180 in
113 1122 249 1201 Eutrop.
274 1136 306 1184 Ω.
335 1119 417 1195 246.
452 1116 554 1198 Thyni
591 1117 729 1178 Thraces
758 1132 872 1187 arant,
905 1143 987 1204 qrtne
1011 1144 1097 1185 nune

52 1221 211 1302 Bithynia
224 1211 347 1308 fertur.
381 1217 557 1281 Promilcui
576 1216 648 1280 uiue
664 1219 809 1299 exempla
825 1221 859 1279 in
876 1227 980 1302 [rueris
997 1227 1096 1285 mari

54 1343 107 1384 me
126 1319 196 1382 [unt
214 1322 320 1384 obvia.
356 1318 408 1383 Gi.
425 1321 535 1383 Horat.
556 1341 585 1384 ι.
601 1320 654 1382 orl.
674 1332 731 1398 35,
754 1335 787 1396 7.
811 1335 843 1380 et
868 1323 1093 1390 Mitlcherlich.

53 1425 92 1486 ed
111 1437 144 1504 3.
163 1438 196 1499 7,
214 1438 246 1502 3.
299 1421 447 1501 Thyniae
469 1435 577 1483 tamen
595 1423 784 1482 memoriam
806 1420 941 1485 servavit
957 1427 1097 1491 Ammia-

53 1545 164 1589 nnec.
187 1525 208 1588 l.
242 1543 336 1606 quam
368 1524 538 1602 Bithyniae
567 1540 690 1607 partem
724 1520 808 1584 lacit.
871 1525 992 1589 Contra
1019 1530 1097 1593 hinc

53 1628 215 1709 duplicem
244 1626 430 1704 Bithyniam
454 1627 488 1686 in
519 1625 585 1687 atta
604 1639 636 1685 et
664 1624 698 1684 in
721 1624 849 1706 Europa
872 1628 951 1690 circe
976 1631 1097 1710 Salmy-

55 1729 175 1789 dellnm
198 1730 348 1810 producit
371 1727 478 1790 Schul.
498 1727 661 1810 Apollonii
678 1726 715 1785 ad
735 1741 766 1797 α,
790 1742 870 1799 ι77.
923 1731 1012 1793 Olim
1034 1730 1098 1794 fuit

54 1832 143 1912 regio
164 1828 274 1892 fartilia
296 1844 328 1889 et
349 1829 516 1910 opulenta,
545 1830 630 1888 unde
652 1828 802 1908 Apollon.
823 1831 931 1896 Rhod.
953 1849 983 1903 2,
1010 1849 1095 1913 723.

47 1925 204 2016 ἐριθηλέα
227 1929 325 2013 γαῖαν
342 1942 437 1989 vocat
453 1943 485 1990 et
503 1926 634 2004 Dionyl.
652 1947 685 1989 v.
703 1942 787 2006 793.
808 1925 947 2016 λιπαρὴν
970 1931 1107 2019 ffirm-
1125 2000 1128 2009 ,

55 2031 151 2095 Plura
172 2032 308 2092 omnino
332 2031 473 2112 conlegit
490 2027 643 2089 Stuckiue
665 2029 698 2087 in
720 2030 840 2089 Arriani
860 2036 973 2114 peripl.
996 2034 1098 2100 Ponti

54 2153 90 2216 p.
111 2145 179 2206 ιι7
194 2127 256 2212 [qq.
291 2131 334 2192 H.
351 2130 395 2193 eli
410 2149 480 2212 pera
493 2127 633 2191 Arradolt'
649 2131 843 2208 provinciae.

134 2330 438 2414 Mariandyni)
488 2329 543 2393 Gr.
571 2324 804 2417 Μαριανδυνοί
857 2284 1098 2417 Descripturae

56 2436 289 2499 variatiouihue
308 2435 376 2496 vid.
401 2446 470 2495 not.
486 2435 556 2495 crit.
577 2453 610 2513 p.
627 2443 711 2512 559.
744 2431 862 2495 Poetae
887 2427 1099 2516 penultimam
1202 2430 1207 2451 ¹

57 2539 260 2621 producunt,
293 2549 329 2595 ut
361 2534 510 2616 Apollon.
544 2533 651 2596 Rhod.
674 2548 706 2601 2.
731 2547 816 2612 725.
861 2537 961 2601 Valer.
993 2539 1095 2605 Flaco.

58 2641 178 2722 Argon.
196 2651 231 2714 4.
255 2650 334 2712 ι7ι.
378 2634 648 2716 Ματὶαηᾱγηίαηι
682 2633 822 2716 ipsorum
846 2639 1013 2722 regionem
1042 2662 1100 2706 vo·

58 2741 144 2803 eavit
174 2740 306 2820 Eupolis
334 2737 408 2799 telle
437 2737 618 2818 Stephano.
656 2736 906 2800 Mariuudenanr
938 2744 1100 2809 Ammian.

60 2858 120 2913 22,
140 2856 172 2919 8.
200 2843 255 2922 qui
274 2840 442 2918 Bithyniae
462 2854 582 2920 partem
599 2837 687 2899 dicit.
722 2836 773 2900 cf.
795 2836 893 2920 lopra.
945 2845 996 2903 De
1010 2844 1100 2908 caula

59 2944 203 3005 nominia
240 2942 279 3003 ci.
317 2941 514 3023 Stephanae,
556 2938 699 3015 Eullath.
727 2940 766 2999 atl
794 2939 926 3018 Dionys.
952 2964 986 3006 v.
1013 2959 1097 3024 788.
1205 3014 1208 3019 Ι

60 3044 171 3106 Scltol.
189 3042 349 3122 Apollonii
370 3044 408 3101 atl
426 3059 459 3110 α,
482 3054 561 3122 ttyo.
580 3050 662 3114 725.
681 3049 765 3115 785.
803 3040 853 3100 Ex
873 3041 1007 3103 Thracia
1030 3068 1099 3111 eus·

60 3145 136 3206 dem
159 3138 279 3204 arceffit
298 3141 411 3203 Strabo
431 3157 464 3215 7.
486 3161 518 3222 p.
536 3155 619 3220 uolt.
638 3137 658 3200 l.
676 3151 761 3216 1295.
814 3141 937 3202 Eorum
960 3146 1037 3207 lmea
1059 3150 1101 3210 acl

59 3223 245 3308 Heracleam
263 3241 367 3304 [latuit
382 3242 494 3303 Noster
508 3244 537 3319 §.
549 3255 582 3313 7.
608 3258 683 3300 cum
701 3260 765 3319 quo
779 3241 983 3303 consentiunt
997 3248 1102 3309 Xeno·

49 3347 150 3430 ‚phou
173 3346 213 3404 de
235 3345 348 3424 exped.
373 3343 449 3421 Cyri
471 3340 504 3410 6.
525 3358 558 3403 Ω.
575 3343 621 3402 in.
650 3354 682 3400 et
707 3342 816 3419 Scylax
839 3362 908 3426 pag.
927 3356 984 3424 34.
1000 3348 1100 3416 Hurll.

60 3447 248 3525 Bithyniam
271 3445 383 3506 Strabo
402 3461 457 3506 to.
480 3464 513 3526 p.
534 3454 616 3522 387.
640 3436 763 3518 [565.
792 3441 910 3524 profert
932 3447 970 3507 ad
988 3450 1101 3535 Sanga.

61 3549 147 3610 rium
162 3547 293 3614 flumen.
319 3563 413 3626 aquo
431 3546 555 3605 Plinius
571 3545 605 3616 6,
625 3563 655 3604 1.
678 3542 907 3623 Mariandynus
924 3548 1007 3610 fiune
1025 3554 1104 3613 inci·

49 3669 139 3732 ,pere
156 3650 236 3708 dicit
257 3646 406 3728 loquente
424 3646 584 3708 Heraclea.
636 3645 728 3727 Quae
745 3664 782 3705 ex
801 3647 967 3710 Herodoto
985 3661 1019 3728 4.
1043 3666 1100 3731 58.

64 3752 105 3811 de
137 3751 193 3809 illo
223 3749 289 3809 lino
315 3750 353 3809 ut
381 3748 565 3809 Phoenicen
597 3746 699 3826 polito
726 3746 939 3818 obiiciuntur.
977 3755 1104 3817 meliori

63 3852 204 3915 lectione
218 3851 429 3931 expedierunt
450 3848 536 3911 docti
556 3849 635 3914 viri.
652 3847 716 3928 tyni
731 3843 854 3908 conluli
877 3848 1003 3930 poliunt
1019 3876 1104 3936 prae.

63 3969 115 4015 ter
140 3950 283 4013 Holllen.
303 3952 341 4013 ad
356 3950 511 4032 stephan.
533 3968 605 4032 pag.
623 3958 707 4026 214.
728 3947 872 4011 Boeotos
891 3949 968 4012 olim
991 3974 1103 4023 eornm

64 4058 232 4139 regionem
257 4050 388 4115 termille
406 4072 445 4114 ex
469 4049 677 4131 Euphorione
699 4061 790 4109 notat
812 4047 917 4113 Schul.
941 4057 1106 4136 Apollunlt

65 4159 105 4217 art
126 4171 158 4226 a,
177 4166 260 4234 352.
291 4155 384 4216 Finea
402 4172 513 4218 eorum
535 4147 669 4213 subinde
686 4150 810 4221 mutati,
831 4156 885 4215 vel
902 4159 988 4218 varie
1005 4164 1107 4223 notati

642 4249 679 4312 tlt
692 4272 722 4315 tu
752 4242 774 4313 h
