2634 4716
124 410 189 479 ωε
278 456 285 473 .
395 338 559 460 norit
599 395 904 457 axnonrrctn
1025 454 1029 459 .

127 590 162 652 7,
183 588 239 649 17.
268 586 301 636 et
317 556 440 637 'Phoco
464 574 499 634 in
518 572 636 635 Leonta
659 571 764 635 dliatii
780 568 968 651 Symmictia
990 588 1026 651 p.
1047 583 1083 631 2.
1103 567 1169 632 ci.

102 658 105 665 ¹
124 676 227 741 Antea
243 694 321 737 nero
338 677 433 739 otiam
450 673 698 738 Constantinmt
718 671 904 735 Constantio
926 680 1075 733 vocatam
1100 670 1169 742 etse.

126 780 223 840 tradit
233 776 448 860 Theophanea
463 778 496 836 in
510 764 691 859 Chronogr'.
706 795 738 857 p.
752 786 809 852 25.
828 777 909 838 Van.
934 774 968 833 in
983 792 1082 853 quam
1098 791 1169 833 rem

124 877 166 943 ci.
194 881 290 942 etiam
317 879 499 961 Weiieling.
522 876 559 937 ad
583 877 738 938 Antonini
763 878 868 937 itiner.
890 895 922 957 p.
946 885 1028 951 ¹48·
1081 874 1170 935 Tum

125 1001 204 1045 reto
220 982 315 1041 mirac
328 992 361 1040 et
376 977 430 1041 tati
445 994 478 1039 et
495 980 638 1040 nominis
656 972 886 1039 vicissitndinea
906 975 1012 1037 subiit.
1056 974 1083 1036 Δ
1104 974 1170 1037 Mt·

123 1084 233 1147 rathoo
247 1100 321 1143 veto
333 1082 512 1161 Stephanus
530 1072 908 1165 deducitMopoiinvbtet
918 1067 1171 1162 MopoSotiotor.

124 1184 220 1247 Prius
240 1186 272 1242 in
296 1183 433 1243 Diodori
455 1182 531 1243 locis
552 1182 606 1242 cit.
627 1184 781 1251 occurrit,
812 1192 846 1242 et
862 1180 944 1261 apud
965 1179 1168 1240 ciceronio

122 1284 226 1349 Bruto
247 1303 273 1345 c.
293 1285 350 1346 26.
376 1285 605 1345 Marathoniis.
652 1282 743 1365 Quae
758 1282 833 1341 inde
849 1282 882 1340 in
900 1280 1169 1361 disceptationem

124 1385 261 1447 deducta
279 1375 368 1453 [unt.
394 1385 528 1465 exposita
544 1395 655 1464 patent
668 1383 707 1443 nd
724 1383 903 1445 Diodorum
918 1383 958 1443 T.
977 1397 1011 1443 it.
1030 1401 1063 1461 p.
1084 1393 1168 1461 595·

123 1487 161 1549 in
171 1486 280 1547 Vaieiii
290 1485 525 1568 etWeffelingii
541 1486 635 1554 notia,
653 1486 731 1547 item
740 1486 775 1545 in
784 1482 951 1546 Holstenio
964 1483 1002 1542 ad
1014 1482 1169 1563 stephan.

123 1609 158 1672 p.
182 1598 260 1671 ¹89.
313 1587 420 1649 Hodie
442 1587 543 1647 rninia
565 1583 722 1646 submersa
745 1587 841 1656 iacet,
873 1574 913 1647 tie
937 1603 1076 1668 quarum
1099 1583 1168 1651 seda

124 1688 195 1773 post
212 1686 452 1749 Manndrelinm
464 1699 620 1770 quaerunt
634 1684 730 1751 Sinw
745 1689 786 1768 T.
805 1703 838 1752 c.
854 1707 887 1773 p.
899 1684 939 1757 ,6.
964 1698 998 1749 et
1018 1683 1169 1751 Pocockt

124 1782 167 1855 Τ.
181 1802 215 1855 2.
237 1809 270 1874 p.
286 1808 331 1852 m.
349 1800 434 1870 295.

209 2048 217 2073 ¹
279 2032 310 2110 §.
336 2039 372 2111 4.
424 2050 501 2095 non
533 2028 728 2117 obliqua)
784 2028 945 2096 Grandem
979 2034 1073 2094 enim
1107 2024 1170 2094 illic

124 2132 229 2196 dnum
246 2127 328 2203 iacit.
347 2148 380 2194 et
394 2152 492 2206 oram,
515 2154 594 2217 qnae
606 2134 739 2197 excursu
752 2133 806 2197 ino
821 2156 838 2196 a
853 2133 1022 2196 Palaestina
1037 2128 1170 2196 declivio

126 2234 184 2304 eii,
208 2235 322 2319 pelago
344 2234 495 2299 obvertit.
530 2255 717 2301 vtnrtnvo.
770 2236 844 2299 Hoc
858 2235 918 2307 est.
943 2254 1010 2297 non
1031 2237 1170 2321 porrigit

124 2335 263 2418 amplior
282 2334 332 2397 sua
352 2337 460 2407 litora,
487 2336 540 2398 sed
558 2338 702 2400 venienti
720 2337 833 2421 pelago
859 2339 895 2399 fit
918 2336 1062 2399 obviam.
1098 2332 1171 2399 s'oo·

127 2455 205 2499 nvo.
257 2435 352 2518 Quasi
368 2439 538 2498 itentidam
554 2439 680 2509 cedam,
706 2455 801 2522 prout
819 2437 859 2499 ab
874 2438 1021 2521 Aegypto
1038 2437 1106 2500 hnc
1123 2434 1170 2501 na'·

126 2557 189 2620 qne
213 2534 300 2598 iecit.
336 2557 361 2598 t.
383 2556 580 2601 cnonovrva
596 2540 673 2603 MS.
725 2537 840 2604 Senius
866 2540 1003 2600 omnino
1028 2540 1171 2622 Pompo·

126 2639 220 2700 niam
239 2636 374 2698 formula
399 2639 644 2721 comprehensus
666 2640 724 2703 est:
758 2642 839 2703 latua
862 2641 895 2701 in
919 2638 1060 2702 frontem
1087 2640 1171 2716 abit‘3

128 2737 192 2809 vel.
216 2738 239 2799 fi
261 2739 406 2801 latiorem
423 2740 666 2821 explicationem
689 2743 759 2824 qnia
780 2742 870 2814 velit,
890 2739 954 2824 ipse
969 2762 997 2811 ι,
1016 2757 1048 2810 2.
1069 2758 1103 2806 α.
1128 2745 1171 2805 in

126 2840 263 2904 eandem
278 2841 492 2902 mutationem
510 2842 549 2904 tic
571 2839 733 2905 describit:
762 2841 832 2906 Ona
849 2840 965 2927 (ttae)
989 2863 1058 2903 cnm
1081 2844 1171 2906 atveo

126 2938 201 3002 Nili
220 2942 323 3001 amnis
346 2942 422 3020 ripis
438 2934 599 3033 descendit
622 2945 655 3005 in
675 2945 816 3026 pelagus,
843 2957 874 3005 et
894 2943 959 3014 diu,
978 2941 1069 3034 ficut
1092 2943 1171 3006 titud

127 3040 265 3112 incedit,
300 3044 347 3103 ito
361 3033 426 3133 sno
448 3043 544 3105 litora
566 3047 723 3125 porrigit,·
757 3044 868 3106 deinde
883 3043 930 3137 fit
954 3047 1097 3106 venienti
1120 3043 1173 3107 od-

126 3143 216 3204 viam
237 3146 423 3225 ciprianum
437 3136 477 3235 se
493 3146 616 3226 ingenti
636 3144 757 3207 ambitu
773 3148 932 3209 incurvat.
984 3148 1037 3209 Sic
1058 3142 1171 3210 contr'a

129 3261 164 3316 2,
184 3259 217 3323 3,
237 3259 270 3319 7.
302 3244 385 3305 Inde
405 3244 449 3306 ad
468 3245 624 3308 meridiem
644 3261 729 3309 terro
751 3249 956 3317 convertitur,
983 3250 1115 3311 Atticae
1134 3262 1171 3312 att

128 3344 222 3409 modo
243 3347 354 3418 latere,
382 3346 430 3407 ita
450 3368 534 3409 ranno
547 3340 667 3439 fronte
684 3349 797 3431 pelago
818 3347 977 3412 adiacens.

197 3568 364 3670 sinum)
414 3574 560 3655 tfficum,
587 3582 628 3646 de
646 3602 710 3665 quo
728 3603 795 3666 cap.
815 3596 871 3664 15.
888 3582 935 3646 in.

206 3805 540 3904 circumsident)
590 3818 689 3899 Supra
710 3839 737 3888 1,
763 3833 797 3886 tt,
823 3825 857 3899 4.
888 3806 1048 3907 Caspiani
1059 3814 1172 3908 finum

133 3904 331 4004 Caspiannm
359 3919 502 3995 cingunt.
550 3918 660 3979 Sedere
684 3934 716 3981 et
734 3910 829 4009 sedes
855 3921 895 3980 de
921 3919 1174 3985 habitationibus

128 4015 325 4098 populorum
338 4016 402 4077 dici
419 4017 530 4080 l'olent.
560 4020 631 4083 vio.
648 4021 687 4081 ad
706 4034 738 4098 3.
756 4040 789 4099 9.
805 4022 852 4085 in.
891 4020 947 4082 Uti
964 4021 1027 4107 iric,
1049 4023 1089 4084 iic
1106 4021 1173 4087 ier·

134 4137 163 4186 r,
187 4132 241 4195 19,
264 4125 319 4198 ¹4·
346 4117 484 4181 incultae
504 4133 612 4201 gentes
632 4119 725 4217 vasto
746 4123 829 4187 niori
843 4117 1037 4216 adsidentes.
