2634 4716
267 429 321 488 ru
348 428 489 488 rona.
516 432 623 491 unt.
664 434 701 491 u.
720 435 745 488 1.
785 428 866 492 ct.
906 429 985 503 tr.
1007 444 1038 488 ι.
1136 438 1182 507 ⁸5

129 605 322 692 Capricorni
343 618 509 689 tempore,
535 627 601 689 quo
615 608 697 691 apud
718 626 778 670 noe
796 606 914 669 hieme.
965 605 1064 691 Quod
1085 623 1181 688 quor·

129 710 206 774 snm
229 707 284 768 hie
308 708 427 778 valeat,
453 726 521 769 non
538 708 648 773 video.
699 711 811 781 liecte,
838 709 965 790 opinor,
992 708 1182 771 Gronoviue

130 827 167 876 et
184 811 371 873 Perizoniue
384 810 453 871 vim
471 811 565 872 verbi
586 813 808 881 vindicarunt,
830 824 866 871 ut
881 810 964 871 nihii
986 811 1069 871 eliud
1090 810 1181 881 velit,

130 933 231 996 quam
252 930 380 971 currere.
408 913 514 991 Atque
531 912 594 974 hoc
609 916 643 974 in
659 915 772 995 primia
786 912 921 973 declarat
938 913 1028 974 locus
1044 911 1184 973 anctorie

130 1017 173 1079 ad
193 1014 407 1075 Herennium.
446 1014 500 1074 Sic
515 1009 581 1075 iere
597 1016 777 1076 Eumeniue
793 1016 833 1075 de
852 1014 1004 1074 omnibus
1025 1014 1126 1097 plagia
1147 1014 1183 1073 in

131 1133 290 1201 panegyr.
312 1117 350 1174 ad
376 1113 540 1177 Constant.
564 1115 653 1178 Caes.
675 1136 742 1199 cap.
759 1129 793 1195 4,
819 1130 853 1193 3.
881 1116 952 1177 Nec
966 1108 1091 1206 Jolrrm,
1117 1134 1185 1197 qua

132 1219 206 1280 dies
229 1218 342 1287 oritur,
375 1227 408 1277 et
427 1218 589 1293 praeterit,
614 1231 645 1278 et
668 1217 825 1285 conditur,
851 1211 1035 1309 sedetiam
1063 1236 1103 1276 ex
1125 1214 1183 1277 itte

124 1312 386 1413 septemtrionali
405 1314 520 1397 pingo,
535 1309 678 1409 salutari
694 1316 793 1379 beatis
812 1319 880 1380 luce
900 1318 1096 1399 provincias.
1127 1318 1184 1379 Sic

132 1420 301 1483 Tibullue
310 1430 346 1498 d,
370 1438 399 1487 r,
421 1419 502 1481 260.
545 1420 605 1481 Seu
629 1423 765 1500 propior
794 1421 886 1483 terris
911 1418 998 1501 (soli
1029 1416 1184 1513 assianna

114 1603 121 1614 Ι
125 1515 246 1615 fertur
275 1522 308 1580 in
334 1517 434 1580 orbem
469 1520 530 1581 Seu
560 1521 639 1583 celer
668 1520 817 1583 hibernos
844 1534 997 1603 properat
1023 1520 1184 1581 decurrere

131 1624 231 1686 duces.
283 1620 481 1705 Comprobat
510 1623 593 1684 hanc
621 1623 868 1705 explicationem
895 1621 960 1707 ipse
989 1639 1106 1692 nexue,
1139 1634 1184 1693 et.

133 1726 256 1809 quibue
277 1722 437 1783 decurrere
457 1727 693 1805 interponitur,
720 1737 809 1787 ortua
825 1738 859 1786 et
878 1723 1013 1786 occasui.
1066 1722 1184 1805 Neque

134 1830 284 1910 adparet,
319 1844 375 1884 cur
401 1822 585 1886 descensum
612 1838 757 1896 tantum,
789 1845 856 1887 non
882 1828 978 1889 etiam
1001 1822 1186 1886 adscensum

137 1927 341 1995 indicaverit,
367 1926 442 2006 quia
459 1926 499 1987 iic
514 1928 552 1988 ab
568 1940 701 2009 utraque
719 1927 867 1989 meridiei
883 1942 969 1989 mete
985 1926 1103 2008 aequali
1124 1925 1187 2008 spa·

138 2034 187 2093 tio
205 2028 249 2091 soi
269 2027 362 2097 abest.
384 2041 492 2090 contra
508 2031 545 2089 ad
562 2031 698 2091 eandem
714 2030 819 2091 tendit
832 2042 865 2090 et
880 2029 919 2091 ab
934 2030 1047 2092 eadem
1064 2029 1187 2090 recedit

138 2137 176 2195 in
197 2128 286 2192 cursu
312 2127 379 2191 suo.
431 2128 523 2213 Quae
544 2131 584 2192 de
598 2132 707 2192 fluviie
728 2152 767 2192 ex
783 2130 870 2191 Mela
892 2132 981 2192 dedit
1000 2130 1188 2193 Gronoviue

138 2237 250 2296 minue
266 2251 336 2292 rem
351 2231 500 2292 evincere
520 2232 684 2295 videntur.
719 2232 789 2293 Vid.
805 2232 981 2294 Burmann.
996 2232 1035 2291 ad
1050 2231 1186 2294 Phaedr.
1225 2214 1242 2313 ‚¹

147 2356 180 2406 r,
201 2353 231 2403 ι,
248 2345 282 2411 3.
303 2330 360 2391 nbi
375 2335 471 2391 ctiam
482 2332 586 2394 Melae
600 2333 707 2395 iocum
729 2352 761 2403 ι,
781 2345 836 2409 18.
860 2333 901 2395 de
919 2330 1050 2393 decursu
1067 2352 1082 2393 a
1099 2331 1188 2414 supe·

143 2436 223 2498 riori
238 2447 325 2517 parte
343 2432 501 2514 adposuit.
542 2434 583 2495 dt
599 2437 642 2494 ita
657 2432 844 2515 depugnent
865 2435 943 2495 dicit
957 2433 1061 2495 noster
1081 2454 1110 2503 ι,
1132 2450 1188 2513 ¹9·
1226 2424 1232 2441 '

145 2552 206 2615 ¹7·
227 2536 404 2618 quodcum
421 2534 578 2597 Metuant
593 2536 743 2617 deincepe
757 2534 907 2598 variatur.
946 2532 999 2599 Ci.
1024 2534 1135 2617 Nepoe
1152 2537 1189 2597 in

142 2638 300 2703 Themist.
326 2645 362 2716 4.
382 2645 420 2714 4.
479 2635 594 2719 Neque
621 2639 710 2698 enirn
741 2635 865 2719 semper
895 2636 982 2699 velet
1014 2637 1053 2697 ed
1087 2638 1188 2699 finem

140 2758 304 2827 pugnare.
339 2739 418 2799 dum
441 2738 587 2809 cessetur,
618 2739 668 2798 uti
690 2737 860 2801 decertare.
911 2739 985 2801 Vid.
1010 2738 1188 2803 Burmann.
1251 2776 1254 2785 ·

140 2844 183 2907 ad
205 2841 343 2905 Phaedr.
370 2860 400 2909 r.
423 2854 481 2919 50.
505 2853 538 2916 5.
573 2839 785 2922 Oudendorp.
801 2840 839 2901 ad
860 2839 944 2901 Hirt.
966 2840 1008 2901 de
1031 2838 1069 2899 Β.
1090 2838 1187 2905 Afric.

142 2965 173 3009 e.
195 2962 255 3023 29.
282 2956 315 3002 et
335 2943 471 3023 quaeda
492 2942 557 3003 hoc
576 2941 677 3003 verbo
692 2942 824 3023 asiieque
841 2942 969 3001 notarit
984 2941 1208 3006 Tanbmann.'

142 3046 186 3111 ed
205 3044 319 3129 virgil.
339 3044 419 3105 den.
442 3062 498 3114 tr,
519 3054 578 3122 59.
630 3044 678 3105 lte
698 3044 838 3104 hicnon
857 3042 917 3113 esi,
944 3040 1069 3104 cnrsnm
1090 3042 1189 3105 absol·

141 3168 234 3219 vere,
260 3144 313 3207 sed
329 3140 439 3215 secere,
465 3146 508 3205 ita
523 3156 632 3205 tamen
648 3158 687 3204 ut
703 3156 821 3207 certam
837 3145 928 3207 viam
938 3142 1085 3226 sequatur
1099 3158 1133 3207 et
1148 3146 1188 3208 ad

144 3263 268 3313 metam
287 3248 481 3329 propositam
501 3246 684 3311 contendat.

224 3448 273 3513 ab
299 3448 429 3511 adver
432 3438 458 3541 s
459 3447 504 3530 o)
549 3448 687 3533 Apparet
706 3447 870 3513 artificiose
883 3449 923 3511 ab
944 3461 1071 3511 auctore
1089 3463 1192 3533 capta·

144 3569 214 3617 tarn
231 3551 292 3614 else
311 3550 393 3645 hope
411 3549 666 3633 descriptionem,
691 3554 844 3634 quoniam
863 3549 1082 3636 septemtrioni
1107 3553 1192 3615 nihil

146 3676 225 3719 cunr
251 3653 333 3723 sole,
374 3668 412 3715 ut
443 3654 576 3736 quidem
610 3654 870 3737 praecedentibue
904 3654 1006 3715 tribue
1037 3654 1192 3734 partibue.

145 3758 238 3821 Petit
259 3757 358 3839 igitur
376 3757 438 3819 loci
460 3754 763 3818 demonstrationem
779 3775 847 3819 non
863 3755 903 3818 ab
926 3752 1015 3818 cursu
1031 3752 1113 3827 solie,
1139 3754 1194 3817 sed

147 3880 168 3922 a
189 3859 337 3921 meridie.
373 3878 398 3921 1.
420 3877 613 3920 onoaovtve
635 3858 713 3920 MS.

317 4063 347 4139 §.
377 4078 411 4125 Ω.
461 4062 601 4125 Hacine
629 4059 786 4142 medio)
836 4060 957 4139 Contra
983 4058 1098 4123 Cicero
1122 4056 1194 4153 infi-

146 4186 236 4233 mam
260 4164 294 4227 in
317 4164 430 4228 mundi
456 4163 558 4227 medio
590 4176 707 4227 terram
739 4153 800 4254 effe
826 4165 887 4236 ait.
924 4183 987 4227 non
1012 4151 1192 4256 sublimem.
