2634 4716
146 362 215 426 nte
423 358 587 425 uerte
624 352 929 437 rxeenrrete

232 537 566 622 Elephantinen)
604 536 661 602 Gr.
681 532 923 621 Ἐλεφαντίνῃ,
940 533 993 597 'uti
1007 551 1082 597 cnm
1096 530 1200 596 Hm·

154 642 237 706 doto
255 657 288 710 Ω,
313 658 369 720 29.
401 640 557 704 Strabone
579 655 632 714 17.
648 660 681 722 p.
697 648 782 720 541.
798 637 926 719 6.,8ι7.
952 636 1151 699 Heliodorus
1165 637 1199 696 irr

157 745 310 824 Aethiop.
329 738 452 824 paffim.
469 744 616 829 Aristides
630 744 671 805 T.
687 756 721 805 ι.
737 761 771 823 p.
786 757 831 802 m.
845 748 928 820 548.
952 734 1201 824 hgrtbdrcbider

48 864 51 871 ·
160 845 203 909 de
222 845 302 905 meri
323 845 421 906 rubro
438 864 464 906 c.
484 863 518 924 9.
540 864 571 928 p.
591 860 647 906 ee.
660 839 767 906 'fluet
800 840 1036 923 Theopbrrshte
1050 839 1092 901 de
1106 837 1203 922 lapid.

160 964 195 1031 p.
211 965 256 1008 m.
275 945 358 1026 596.
382 945 506 1027 aliique.
561 948 609 1008 De
631 943 751 1007 diverse
774 943 1003 1007 terminatione
1026 942 1150 1003 dictum
1170 939 1204 1001 ie

160 1049 249 1112 notit
264 1048 393 1109 criticis.
437 1048 516 1109 inde
534 1042 769 1126 Ἐλεφαντῖνος
786 1061 820 1108 et
837 1037 1079 1131 Ἐλεφαντὲτης
1097 1041 1206 1103 dicun·

162 1158 226 1212 tur.
275 1147 387 1210 Noster
406 1147 520 1210 urbem
542 1150 732 1232 Aegyptiam
753 1148 848 1218 dicit.
877 1159 914 1208 ut
932 1142 1046 1210 Strabo
1068 1163 1097 1207 c.
1120 1142 1144 1207 i.
1173 1154 1207 1205 et

162 1248 364 1333 Stephanum
403 1251 458 1312 ilie
484 1253 577 1335 ponit
602 1252 636 1312 in
667 1249 784 1313 hnihue
808 1248 996 1329 Aethiopiae
1017 1259 1052 1310 et
1075 1245 1205 1325 Syenen

123 1420 128 1435 .
164 1352 255 1413 addit
276 1365 330 1427 ιγ.
354 1370 386 1434 p.
402 1361 487 1433 541.
509 1350 530 1414 s.
546 1364 630 1430 787.
653 1366 820 1437 utramque
840 1351 969 1413 Treitue
990 1350 1024 1411 in
1041 1345 1157 1410 Annei.
1175 1359 1207 1415 n.

103 1530 107 1537 .
167 1452 229 1516 6t.
245 1448 269 1514 f.
294 1451 435 1546 claustra
458 1454 533 1515 oiim
565 1454 708 1515 Romani
731 1453 854 1532 imperii
877 1449 968 1514 inisse
995 1448 1113 1512 scribit.
1158 1445 1209 1508 Ad

161 1569 238 1615 erm
263 1571 365 1636 utque
387 1553 418 1616 se
437 1554 633 1639 progressum
658 1554 718 1618 esse
745 1557 779 1615 in
803 1555 919 1615 itinere
941 1546 1079 1637 Aegypti
1104 1558 1210 1611 narret

49 1672 61 1695 ·-
91 1698 95 1705 .
167 1653 357 1717 Herodotue
374 1669 407 1726 o,
433 1673 491 1735 29.
518 1656 713 1739 ulteriusque
733 1656 841 1738 paullo
861 1656 900 1717 ed
922 1652 1127 1716 crtrrrbe'ctec
1144 1648 1211 1712 dri·

122 1782 131 1801 ·
167 1752 274 1820 uiden.
299 1755 396 1818 Loco
416 1756 505 1819 debit
529 1757 616 1820 lebb‘.
640 1760 681 1820 de
697 1757 840 1820 drisiidie
858 1758 925 1818 rite
941 1758 975 1825 6.
1000 1769 1033 1819 2.
1073 1753 1148 1822 dlii,
1173 1762 1212 1813 ut

46 1856 49 1865 ’
153 1854 373 1928 ,Ptolemaeue
386 1867 422 1936 4,
439 1868 471 1936 5.
497 1858 581 1921 Plin.
598 1878 626 1921 c.
643 1859 668 1922 l.
693 1858 807 1921 Strabo
824 1878 852 1936 c,
871 1858 892 1921 Ι.
921 1855 1055 1919 insulem
1078 1852 1210 1924 iaciunt,

96 1968 99 1985 ¹
167 1956 298 2021 dimidii
328 1959 381 2021 hic
404 1959 492 2022 siedii
513 1959 636 2021 ambitu
659 1980 732 2023 cum
755 1961 852 2033 urbe.
885 1959 920 2022 in
944 1979 1006 2041 que
1029 1954 1214 2039 Cnuphidst

171 2061 332 2142 templum
346 2057 409 2121 snit
424 2054 459 2124 et
474 2061 704 2123 Nilometrium
722 2063 756 2124 in
779 2075 889 2146 puteo.
930 2062 979 2123 Ex
1001 2055 1214 2141 superioribtn

167 2162 308 2241 adparet,
333 2162 474 2225 vicinam
487 2161 580 2251 inisse
592 2164 725 2245 Syenae,
751 2168 799 2224 uti
815 2177 847 2226 et
863 2156 977 2224 diserte
993 2161 1088 2222 tradit
1104 2159 1214 2221 Theo·

123 2322 125 2326 .
161 2263 284 2347 phrasi.
301 2264 343 2325 de
357 2263 516 2348 sapidibne
532 2285 564 2347 p.
580 2285 624 2328 m.
645 2267 728 2345 396.
750 2262 822 2348 (ed.
840 2260 972 2346 Heius.)
996 2276 1165 2344 utramque
1179 2261 1213 2321 in

142 2390 144 2397 ·
171 2367 241 2448 ripe
259 2365 326 2426 Nisi
347 2367 561 2429 interfluentie
577 2367 664 2428 suam
684 2366 773 2429 suisse
791 2367 886 2429 trudit
901 2364 1047 2428 Aristiden
1062 2348 1212 2426 Tome-

172 2484 206 2549 ρ.
232 2487 276 2529 ιιι.
304 2476 388 2545 544.
440 2469 551 2528 Errare
576 2469 673 2552 igitur
700 2471 829 2530 vitietur
852 2466 978 2530 Plinius
1001 2476 1034 2544 5,
1059 2485 1116 2530 to.
1135 2462 1158 2527 s.
1177 2481 1212 2542 9.

169 2570 230 2649 qui
245 2564 333 2649 supra
347 2568 475 2655 Syenen
496 2569 551 2631 16.
567 2569 615 2630 M.
630 2569 667 2632 P.
685 2573 789 2653 ponit,
810 2570 883 2631 iicet
899 2568 1091 2633 Strabonem
1106 2567 1217 2650 potine

131 2710 133 2715 ,
168 2667 381 2749 depravatum
399 2669 478 2728 velit
495 2669 690 2732 Harduinue.
730 2671 800 2732 Vid.
818 2670 979 2733 d'hnvisie
996 2688 1027 2750 p.
1047 2681 1173 2747 2140.
1192 2664 1215 2728 i.

154 2778 208 2830 :et
228 2769 263 2830 in
282 2766 393 2850 primic
415 2767 542 2832 Salmas.
563 2771 601 2830 ed
618 2771 720 2834 Sosin.
739 2791 772 2853 p.
787 2790 832 2834 m.
850 2785 892 2850 31
907 2793 935 2836 1.
959 2772 1013 2850 qni
1032 2769 1217 2853 Elephanti·

112 2924 119 2931 .
172 2887 239 2935 nen
263 2881 297 2931 et
316 2867 422 2932 Philae
440 2890 480 2933 ex
500 2888 607 2932 errore
630 2874 837 2935 mnemonico
861 2871 1015 2934 miscuisse
1039 2885 1149 2955 putat,
1184 2881 1247 2932 et·

106 2988 110 2997 ·
172 2966 360 3056 wesseling.
378 2972 417 3032 ed
435 2972 590 3036 Antonin.
606 2975 712 3037 itiner.
728 2992 760 3057 p.
784 2975 862 3054 164.
896 2973 1085 3038 Strabonem
1104 2971 1218 3054 probet

168 3072 272 3139 uiam
289 3075 427 3135 nemtio
440 3072 597 3136 Pocockii
614 3076 654 3137 Τ.
676 3093 706 3138 ι.
723 3095 756 3157 p.
774 3094 818 3139 m.
838 3077 919 3139 176.
973 3073 1095 3160 Quodsi
1118 3074 1218 3135 hodie

72 3208 78 3225 ι
177 3175 285 3256 Syene
306 3166 424 3237 dicitur
445 3166 584 3264 Affitert,
621 3175 837 3256 Elephantine
860 3177 904 3239 est
926 3176 1094 3255 Eis-Sag.
1121 3193 1219 3257 parve

117 3262 122 3271 ’
175 3276 293 3348 insula,
317 3295 413 3359 quem
435 3275 615 3339 describunt
640 3276 773 3339 Norden
794 3300 826 3361 p.
845 3291 929 3358 355.
955 3276 1105 3340 Pococke
1122 3278 1164 3339 T.
1186 3296 1216 3339 ι.

172 3396 205 3440 c.
222 3378 245 3439 l.
266 3379 340 3463 (qni
356 3391 462 3441 tamen
478 3379 512 3438 in
530 3378 633 3440 tabula
652 3376 798 3460 adposuit
817 3378 892 3440 hod.
908 3370 1072 3468 Bertisar)
1097 3379 1217 3458 Severy

175 3479 276 3541 Τοιιι.
295 3496 327 3542 e.
351 3500 383 3562 p.
406 3490 486 3556 ¹¹8·
510 3477 695 3561 qui'urbem
712 3477 903 3543 intercidisse
918 3495 951 3543 et
966 3483 1034 3541 eine
1047 3481 1219 3542 ruderibue

78 3660 82 3667 ἡ
150 3580 330 3665 'exiguum
357 3580 514 3661 oppidum
537 3579 778 3664 superstructum
808 3572 898 3643 fnisse
929 3579 1036 3645 refert.
1088 3582 1218 3643 liudem

49 3696 55 3709 ’
172 3700 221 3742 nu
225 3699 281 3762 per
301 3682 448 3742 exhibuit
463 3682 580 3743 Denon
598 3680 690 3745 Reise
710 3703 743 3765 p.
762 3697 833 3762 203
852 3681 894 3766 sq.
919 3683 979 3744 nbi
1000 3684 1092 3765 plura
1112 3684 1179 3745 de
1171 3703 1219 3743 tu·

174 3774 242 3844 susc
260 3795 292 3845 et
311 3783 402 3846 urbe.
452 3785 645 3864 Aegyptiam
659 3796 767 3845 eutem
786 3785 888 3846 noster
905 3785 1010 3855 addit,
1036 3803 1074 3847 ut
1093 3786 1218 3855 innuat,

177 3885 285 3947 inde'
274 3885 405 3945 mitium
429 3882 489 3945 effe
510 3886 665 3970 Aegypti,
694 3904 767 3947 cum
785 3885 986 3969 Tachempso
1004 3882 1101 3948 insule
1117 3906 1134 3947 a
1150 3887 1219 3968 qui·

176 3985 311 4051 bundans
330 3985 519 4070 Aethiopiae
539 3987 752 4079 adtributum,
775 3988 864 4072 quod
882 4000 917 4052 et
938 3986 1052 4052 diserte
1073 3989 1219 4051 adfirmet
