2634 4716
138 409 181 472 ω
408 396 571 459 noran
611 395 912 456 txaoarrcta

137 584 172 633 et
183 560 328 660 frontes.
375 572 429 634 Sic
452 563 595 659 frontem
622 585 713 632 vocat
738 591 809 633 earn
828 573 985 656 regiona,
1019 568 1082 629 loci
1111 586 1176 649 par·

136 684 216 742 tera,
241 693 320 754 qnae
344 676 435 741 mari,
462 675 495 733 in
516 693 582 756 qno
603 671 728 735 cirrium
750 677 824 758 agit,
850 669 1039 741 obiectaest,
1063 668 1182 741 latum

135 775 250 855 quain
272 776 441 856 obliquum
464 776 516 835 itta
541 777 764 847 invertnntnr;
800 777 893 856 quod
911 787 1060 858 apertum
1080 770 1127 833 est
1146 790 1177 843 a,

73 916 76 923 ·
136 878 172 943 6.
191 890 223 951 3.
248 878 281 935 in
300 878 476 943 Lnfitaniae
493 876 702 960 descriptione
713 896 727 948 ;.
745 890 777 937 at
794 878 833 938 stc
847 892 884 953 5,
901 900 933 947 r,
948 892 982 957 7.
1008 874 1050 936 de
1065 874 1177 937 eadem

126 968 230 1066 frons
252 991 284 1037 et
295 973 418 1065 flexus.
468 980 521 1041 sic
539 993 571 1055 3,
593 1002 625 1045 ι,
641 993 673 1053 3.
697 998 754 1039 ora
772 980 924 1039 Baeticae
938 964 1082 1065 frontis·
1125 972 1179 1039 Cf.

137 1093 171 1154 3,
195 1100 250 1140 ro.
268 1082 314 1140 in.
345 1098 376 1148 2,
400 1095 432 1156 3,
456 1095 488 1156 3.
544 1080 719 1142 Matutam
737 1098 770 1161 2,
794 1098 824 1149 2,
847 1094 880 1153 7.
898 1071 1051 1168 frontem
1073 1092 1199 1147 vocat,

136 1200 216 1260 quae
239 1182 310 1241 aliia
333 1181 374 1241 est
394 1184 670 1262 promontorium,
696 1183 745 1243 uti
767 1184 803 1242 stt
823 1194 937 1264 aperte
952 1202 980 1247 ι,
1000 1191 1033 1254 3,
1053 1196 1087 1242 2.
1125 1176 1179 1243 Cia

134 1281 218 1343 Voff.
234 1283 274 1343 ad
292 1296 324 1357 5,
341 1294 373 1359 8,
391 1286 424 1346 ⁶.
448 1298 480 1344 et
493 1283 693 1345 l¹erizon.ad
714 1307 742 1351 ι,
765 1297 819 1359 13,
842 1305 872 1343 t.
908 1280 1177 1347 Etit‘cdetttottr

133 1384 240 1452 tibus,
265 1385 320 1465 qni
336 1399 422 1445 recto
444 1388 569 1466 impetn
589 1398 778 1466 extentaque
794 1382 900 1445 forma.
915 1385 954 1444 ad
977 1384 1105 1467 plagam
1126 1384 1178 1445 ati·

133 1504 228 1565 qnam
252 1486 306 1545 vei
330 1499 444 1547 terram
462 1490 685 1571 porrigantur,
711 1491 760 1547 uti
776 1487 815 1546 de
831 1488 1003 1567 Pyrenaeo
1021 1501 1055 1554 c,
1076 1484 1113 1549 6.
1131 1488 1176 1549 itta

131 1586 189 1646 ubi
211 1584 301 1649 frona
321 1591 356 1647 in
385 1602 482 1649 terrac
500 1593 716 1658 convertitur,
749 1589 843 1650 latera
868 1585 980 1649 versae
994 1576 1085 1648 inere
1105 1606 1176 1671 pro·

131 1688 262 1751 cedunt.
328 1691 365 1748 ln
399 1690 495 1751 latere
529 1692 619 1750 enim
657 1689 710 1763 est¹
732 1690 816 1750 linea
853 1684 1102 1774 progrefftonia,
1142 1692 1174 1753 in

131 1788 238 1851 fronte
260 1786 485 1874 progreffionia
502 1792 645 1854 initium.
678 1788 729 1853 ttt.
746 1792 787 1851 ad·
806 1808 836 1859 2,
854 1805 887 1866 ὅ,
903 1806 937 1862 t.
984 1791 1073 1851 Hinc
1087 1788 1176 1858 from

131 1891 233 1973 potest
254 1891 314 1953 effe
333 1893 469 1975 angusta,
496 1907 534 1952 nt
552 1894 693 1953 Arabiae.
746 1894 832 1955 Turn
849 1912 926 1953 vero
943 1888 1032 1953 irone
1048 1894 1114 1954 alio
1130 1914 1173 1956 ra·

130 1992 285 2075 spectaret
308 1990 523 2076 progressione
545 1976 647 2077 po'test
663 1995 758 2053 etiarn
779 1993 839 2054 ess'e
857 1996 983 2075 dicique
997 1996 1100 2064 taran,
1128 1996 1175 2056 uti

130 2096 322 2177 praecedens
342 2109 418 2155 nota
442 2098 536 2155 etiam
558 2109 644 2155 recte
665 2097 845 2157 declaravit.
896 2096 950 2159 Sic
968 2095 1056 2157 atr·
1070 2086 1173 2187 frona

130 2197 249 2257 dicitnr
271 2194 351 2256 infra
368 2196 397 2275 ᾗ.
418 2214 450 2259 2.
465 2199 503 2258 ad
521 2196 815 2277 Hellespontumlet
837 2220 865 2265 r,
889 2210 942 2275 ιθ.
959 2210 1041 2259 extr.
1056 2198 1173 2261 tatur.

130 2297 343 2361 Cf.locaianr
365 2312 572 2361 antenotata.
607 2301 660 2361 Sic
678 2313 708 2359 et
728 2280 793 2381 alii.
845 2297 1020 2377 Dionytiur
1035 2310 1182 2381 Μμ.

127 2402 274 2483 Aegypto
296 2400 349 2459 dat
364 2395 497 2477 τρισσοῖς
518 2396 678 2487 πλευρὰς,
708 2420 766 2482 pro
783 2419 857 2480 quo.
867 2401 1023 2480 margines
1038 2400 1174 2465 datam

128 2518 234 2564 ternos
259 2500 336 2560 dicit
359 2500 507 2562 Priscian.
525 2523 557 2562 v.
578 2518 661 2580 929.
683 2514 716 2561 et
736 2502 877 2561 Avienus
894 2522 926 2561 v.
943 2500 1027 2580 364.
1053 2506 1173 2565 tram

120 2594 287 2692 frontem,
310 2600 367 2659 nbi
384 2600 424 2662 cf.
439 2603 602 2662 Schrader.
656 2603 808 2662 Tractnrrr
824 2616 932 2663 tamen
948 2605 1128 2667 incurvum
1140 2619 1173 2667 et

127 2704 213 2763 tinus
228 2702 396 2761 excludere
412 2702 551 2763 videtur.
592 2703 662 2762 Vid.
681 2701 761 2763 infra
778 2707 805 2780 §.
828 2721 859 2766 ε.
881 2702 954 2764 deira
968 2702 1016 2795 stt
1032 2706 1174 2769 vertierrti

127 2802 264 2865 obviarn.
317 2802 395 2862 Aliis
417 2802 523 2863 verbis
546 2802 686 2863 frontem
709 2817 741 2864 et
763 2806 844 2867 latua
868 2828 898 2874 1,
923 2824 979 2884 ae,
996 2814 1032 2885 4.
1058 2807 1099 2869 tte
1121 2809 1172 2873 da·

128 2904 249 2965 scribit:
283 2903 366 2997 dude
380 2906 446 2966 iam
462 2924 526 2966 non
545 2902 673 2989 obliqua
689 2906 825 2989 pelago,
842 2897 906 3001 scd
927 2899 1067 3001 adversa
1081 2910 1171 2973 adtir-

128 3028 197 3067 cens
221 3000 310 3097 Asta.

202 3201 347 3300 versa)
398 3211 450 3273 Sic
473 3224 506 3285 3,
535 3233 564 3280 r,
588 3221 622 3288 a.
658 3225 872 3273 craecorrva.
925 3211 1057 3275 Orofiaa
1079 3236 1112 3287 1,·
1138 3234 1169 3279 a.

124 3336 181 3395 prr
204 3326 308 3373 totam
334 3309 508 3401 transversi
538 3312 668 3391 plagam
702 3312 847 3373 Orientis
861 3313 1063 3378 extenditur.
1120 3318 1168 3379 De

125 3415 192 3497 ipio
214 3416 277 3473 hoc
298 3414 387 3474 verbi
410 3412 467 3473 usn
490 3415 590 3474 multa
612 3414 676 3497 legi
705 3413 833 3493 poffnnt
851 3414 887 3474 ad
909 3415 1022 3477 Vellei.
1044 3416 1169 3483 Veia.

125 3540 157 3600 p.
187 3516 291 3579 1116.
319 3516 369 3577 ed.
394 3512 530 3576 Ruhnk.
589 3510 641 3578 Cf.
671 3518 768 3577 etiam
795 3515 973 3601 Longolius
998 3516 1040 3579 ad
1065 3520 1173 3584 Taciti

125 3620 277 3682 German.
303 3638 335 3698 p.
356 3629 390 3695 5.

198 3811 248 3912 cf
242 3810 426 3910 fundit)
477 3820 590 3905 Longe
615 3821 807 3907 porrigitur,
841 3822 1040 3886 extenditur.
1085 3822 1172 3889 inira

123 3928 153 4003 ς.
175 3938 208 3997 3.
229 3924 395 4007 coniungit
420 3921 485 3981 late
505 3938 634 4001 patere,
665 3927 713 3982 nti
738 3921 839 3983 solent
862 3936 1007 3986 auctorer
1038 3930 1172 4012 proprio

125 4030 228 4088 verto
246 4025 405 4105 tropicum
428 4028 605 4098 adnectere,
629 4038 663 4088 et
683 4039 801 4096 contra,
826 4025 865 4086 ad
888 4025 1174 4110 amplificationem
1207 4048 1215 4065 ·

124 4142 158 4190 et
182 4128 404 4189 variationem.
