2634 4716
123 376 187 443 pn
395 364 560 435 sturae
599 364 906 423 execnrrcae

12 571 17 579 -
125 533 263 617 Dionys.
278 546 312 617 4,
330 539 414 605 266.
432 559 464 621 p.
483 554 564 621 127.
591 538 725 620 Dionys.
743 561 777 603 v.
796 549 880 618 240.
916 536 1084 603 Heliodor.
1111 535 1174 599 Ae·

129 639 237 720 thiop.
257 653 288 719 5,
312 656 366 720 14.
383 663 415 725 p.
437 654 517 721 149.
541 642 695 705 Bourdel.
737 642 899 704 Diodorus
917 653 1024 727 tamen
1046 653 1174 712 monet.

129 740 208 825 alios
224 743 387 804 credidisse
403 762 469 819 non
484 764 573 805 veras
590 755 703 823 prutes,
722 742 772 805 sed
790 736 981 829 προπύλαια
996 739 1063 805 τῶν
1080 740 1175 827 septis

122 838 245 921 rodda*
267 838 321 913 >toi
348 838 499 931 μεγάλα,
535 861 569 906 et
597 840 829 931 ἑκατόμπυλον
856 844 941 905 nihil
965 844 1051 904 aliud
1078 834 1176 916 velle,

129 964 224 1025 quam
247 940 453 1010 πολύπυλον.
494 948 598 1027 Varias
618 948 789 1029 opiniones
804 947 845 1007 de
859 947 915 1005 ilio
931 945 1064 1006 Homeri
1087 945 1174 1018 loco.

129 1066 207 1129 quaa
222 1044 285 1127 ipse
304 1047 386 1107 Mela
402 1048 555 1131 adtingit,
581 1046 722 1111 recenset
738 1049 845 1110 Schol.
862 1045 1025 1108 Villoison.
1040 1066 1072 1126 p.
1089 1060 1176 1125 228.

43 1148 46 1153 ’
130 1146 188 1208 Vir
217 1149 333 1209 doctus
359 1149 398 1209 ad
423 1149 523 1211 liruce
551 1151 610 1210 iter
634 1151 676 1214 T.
699 1167 734 1214 o.
767 1171 799 1231 p.
828 1163 908 1228 ²¹3·
939 1148 1177 1228 (editiores.)

130 1247 284 1332 figmenta
317 1248 452 1314 Homeri
483 1251 655 1322 existimat,
688 1253 804 1335 cupide
829 1251 869 1313 ab
894 1251 965 1312 aliia
990 1263 1123 1330 excepte
1144 1262 1179 1312 et

129 1363 313 1433 propagata.
370 1352 412 1415 At
434 1356 467 1415 in
483 1356 586 1416 mains
607 1374 675 1416 rem
692 1367 819 1415 auctam
839 1364 1007 1435 poetarum
1030 1369 1122 1412 more
1144 1365 1180 1413 et

133 1440 322 1537 ὑπερβολὴν
340 1474 414 1515 cum
431 1458 575 1519 Diodoro
589 1470 674 1517 recte
692 1456 819 1517 dixeris.
856 1456 882 1515 1.
900 1453 1087 1515 Gronovius
1105 1452 1177 1517 MS.

131 1572 171 1613 ex
186 1551 242 1612 usu
259 1553 392 1619 Auarico
414 1558 454 1617 de
474 1557 551 1619 aulis
568 1556 814 1640 intelligendum
834 1554 896 1617 elle
912 1551 1034 1624 censet,
1062 1573 1128 1635 quo
1143 1568 1179 1615 et

130 1652 230 1719 hodie
243 1668 371 1734 portua
387 1659 502 1719 'l'urcir
517 1659 649 1718 dicatur.
678 1659 720 1718 Et
733 1657 773 1717 fic
784 1656 901 1735 Heyue
914 1655 954 1717 ad
968 1655 1104 1719 Homer.
1115 1656 1176 1718 αὶ.

125 1752 276 1818 Orientis
290 1775 381 1818 more
399 1759 440 1818 de
453 1757 578 1839 palatiis
592 1759 737 1838 explicat.
752 1823 753 1827 Ἰ
970 1758 975 1765 ’

207 1956 314 2017 dena
347 1979 442 2021 arm.
477 1957 627 2043 milia)
685 1957 768 2041 Quis
794 1975 862 2020 non
888 1953 1086 2038 obstupescat
1112 1968 1179 2018 tam

131 2058 317 2142 portentoso
331 2079 495 2139 «numero,-
529 2075 585 2121 aut
609 2061 714 2123 credat
743 2063 776 2121 in
802 2080 867 2121 una
888 2056 971 2120 lube
1003 2057 1056 2119 vel
1087 2058 1178 2120 mille

131 2161 451 2231 millia-armatorum.
477 2164 529 2224 vel
546 2163 722 2247 septuagies
737 2174 870 2225 centena
888 2160 1064 2221 hominnm
1078 2161 1179 2221 millia

132 2262 237 2325 claudi
259 2264 393 2345 potuisse
415 2278 447 2327 et
467 2264 720 2347 comprehendis
768 2265 873 2326 Docet
890 2275 997 2323 tamen
1015 2261 1049 2319 id
1071 2259 1179 2343 ipsum

132 2366 232 2445 etiam
260 2365 390 2437 Strabo,
424 2368 479 2447 qui
505 2388 561 2429 eos
587 2379 717 2429 centum
740 2363 923 2443 myriadum
943 2364 1101 2424 exercitus
1125 2363 1179 2422 ha·

131 2464 230 2527 buille
249 2464 364 2529 scribit.
404 2466 574 2548 Aliquanto
591 2470 753 2549 pauciores
770 2463 866 2527 refert
880 2466 1027 2534 Tacitns;
1049 2464 1076 2525 is
1090 2484 1180 2525 nam·

131 2586 194 2648 que
218 2567 274 2627 lib.
291 2583 325 2627 α.
351 2562 485 2655 [annal.
508 2590 577 2652 cap.
596 2561 675 2653 on]
700 2569 827 2630 Thebas
849 2567 928 2628 olim
947 2564 1107 2635 habitalle.
1131 2567 1180 2625 iu·

132 2664 214 2751 quit,
241 2666 438 2752 septingenta
460 2671 562 2732 millia
583 2673 692 2733 aetatis
715 2669 873 2731 militaris.
926 2666 1091 2730 Nonnulli
1116 2668 1180 2727 viri

131 2769 251 2829 eruditi
268 2782 301 2829 et
322 2769 404 2831 hanc
420 2769 576 2833 summam
596 2773 728 2841 nimiam
745 2771 805 2833 esse
823 2768 1013 2840 existimant,
1039 2769 1179 2849 ideoque

125 2861 345 2962 fiptuagirtta
375 2870 475 2931 millia
501 2892 559 2953 pro
581 2863 797 2962 septuagenus
817 2883 991 2951 reponunt.
1055 2870 1179 2932 Verum

131 2972 206 3039 illue
221 2992 339 3043 errare,
370 2970 442 3035 satia
460 2974 579 3034 indicat
596 2975 640 3042 it,
666 2990 763 3054 quem
779 2973 972 3033 adduximus
987 2971 1088 3033 locus.
1116 2965 1179 3055 [ex

131 3074 240 3153 Schol.
264 3074 409 3137 Homeri.
448 3075 519 3136 Vid.
544 3077 578 3135 in
601 3075 686 3137 notia
708 3066 856 3157 criticis]
908 3074 992 3135 Sunt
1013 3087 1123 3133 tamen
1145 3086 1181 3135 et

133 3177 169 3236 in
183 3177 243 3264 lsoc
259 3178 431 3251 normulla.
454 3177 494 3238 de
510 3177 627 3258 quibua
642 3176 753 3257 aliquia
765 3176 882 3236 merito
896 3170 991 3254 pulsu
1004 3174 1180 3255 inquirere.

133 3278 202 3361 Qui
217 3281 305 3340 enim
325 3280 392 3341 steri
414 3274 541 3359 potuit,
566 3291 603 3340 ut
617 3278 670 3339 hic
684 3290 813 3339 centum
829 3278 976 3357 equitum
1001 3278 1101 3337 millia
1119 3277 1181 3337 ale·

134 3396 263 3450 rentur,
296 3401 370 3442 cum
393 3378 669 3456 tantumlcontum
684 3380 751 3440 illic
766 3379 943 3439 numerarit
961 3379 1080 3457 equilio
1100 3380 1182 3441 Dio·

133 3482 231 3543 dorus
247 3482 381 3550 Siculus,
406 3479 463 3570 [a.
479 3476 561 3566 45.]
581 3501 718 3563 quornm
735 3480 1002 3560 unumquodque
1019 3480 1180 3543 ducentos

132 3597 259 3665 caperet
280 3583 402 3663 equos?
440 3578 540 3645 Poffit
555 3597 662 3645 tamen
678 3582 740 3642 hoc
756 3582 800 3643 ita
816 3579 973 3651 excusari.
999 3594 1037 3642 ut
1059 3602 1181 3664 nempe

132 3697 266 3747 centum
283 3684 336 3745 illa
356 3685 473 3766 equilio
496 3686 643 3747 ‹licautnr
667 3683 816 3744 dellinata
832 3680 923 3745 inille
940 3684 1030 3763 equis
1049 3696 1180 3746 tantum

134 3785 309 3865 curulibus.
362 3786 476 3848 Strabo
507 3784 562 3848 suo
589 3798 752 3867 tempore,
786 3804 861 3845 cnm
896 3784 1049 3845 minimae
1080 3785 1181 3847 essent

131 3888 282 3957 Thebae,
309 3887 343 3947 in
359 3887 562 3971 longitudine
581 3885 743 3968 occupasse
765 3887 871 3966 inquit
891 3887 1056 3969 octoginta
1073 3886 1180 3951 stadie.

132 3990 304 4058 seducto,
331 4004 498 4070 antequam
516 3985 688 4068 Cambyses
710 3988 823 4049 urbem
839 4006 910 4049 eam
931 3987 1073 4059 vallaret,
1107 4002 1185 4051 tunt

130 4088 230 4177 longe
251 4091 423 4155 marianam
445 4088 534 4155 soille
555 4104 679 4155 certum
700 4089 754 4154 eil.
799 4088 979 4153 Eustathins
999 4091 1039 4153 ad
1057 4090 1185 4171 Diony·
