2634 4716
60 416 73 439 κ
125 408 187 479 402
397 401 557 462 ttorAu
597 400 901 461 uxronrrctu

125 574 208 659 apud
229 570 339 635 lsl'um'
354 572 527 657 adpellatue
551 569 659 641 suerit.
708 570 758 636 'Ab
782 573 841 637 Isso
860 552 1179 659 cognominabantur
1205 570 1209 583 “

103 752 105 757 s
125 679 206 738 adeo
223 677 345 737 vicinae
364 678 518 758 quaedam
535 676 638 748 urbee,
663 690 699 737 ut
715 664 943 760 ’Δλεξᾶνδρεια
961 672 1040 749 κατ’
1061 670 1176 747 Ἱσσόν,

128 778 281 856 (Ptolem.
294 789 325 857 5,
346 780 460 854 15.iu.
485 792 516 839 et
532 778 635 849 numi,
659 796 739 859 quoe
753 774 893 838 recenset
910 775 1032 838 liasche
1049 777 1173 839 iuLett.

126 899 218 941 uum.
235 880 275 940 T.
299 901 327 939 ι.
350 879 387 941 P.
410 900 441 943 t.
464 899 495 962 p.
514 892 599 959 321.
625 880 666 941 Τ.
687 894 717 941 2.
736 879 772 938 P.
791 890 829 941 η.
846 898 876 959 ρ.
895 878 998 957 9875)
1024 896 1088 959 pro
1112 897 1173 960 quo

127 981 163 1042 in
178 980 241 1042 tab.
257 979 441 1064 Peritinger.
468 1000 521 1043 to·
540 983 581 1042 Ι).
607 980 724 1064 legitur
739 979 935 1042 Alexandria
956 971 1117 1068 wiffare.
1143 992 1173 1042 et

127 1094 206 1142 cota
226 1071 306 1170 iffim
324 1081 358 1140 in
376 1081 493 1166 Geogr.
509 1082 655 1143 Ravenn.
675 1093 709 1158 5,
728 1093 761 1159 8.
780 1082 825 1143 iu.
881 1080 1013 1140 Ciliciae
1037 1080 1173 1142 Alexan·

127 1181 232 1242 iriam
267 1195 361 1241 vocat
393 1182 585 1265 Stephanus.
637 1174 799 1245 Praetereo
832 1180 1012 1247 notandum
1047 1182 1103 1243 hic
1131 1181 1172 1244 es

125 1278 251 1342 celebris
266 1278 435 1345 masculine
455 1284 597 1354 elatum,
622 1283 709 1364 quod
731 1280 765 1344 ln
787 1283 880 1344 bortis
896 1282 1085 1345 auctoribue
1105 1266 1171 1345 non

126 1384 171 1444 ita
193 1385 349 1454 occurrit,
384 1397 469 1447 certe
494 1385 631 1446 dubium
653 1382 712 1455 esi,
739 1404 799 1446 nec
818 1383 1032 1456 imitandum,
1066 1383 1171 1448 iudice

87 1520 91 1535 .
127 1485 227 1548 etiam
243 1484 387 1547 Erueiiio
402 1486 442 1547 ad
460 1486 563 1550 Tacit.
579 1485 693 1548 Annas.
709 1500 742 1556 a,
760 1497 818 1564 88.
834 1481 858 1548 i.

198 1674 321 1777 sinus
345 1676 538 1778 Issicus)
577 1686 632 1749 Gr.
651 1682 775 1771 rro‘lrrot·
793 1680 940 1778 'scornio
968 1684 1083 1750 usitate
1104 1687 1168 1769 qui·

61 1824 64 1831 ·
128 1786 215 1850 dem.
247 1785 1010 1873 PassimenimetiamaCiliciacognominatur.
1048 1791 1097 1851 lta
1119 1788 1188 1878 lst-⁴

128 1881 231 1963 λίκιος
254 1884 380 1963 κόλπος
397 1889 594 1952 Theodoret.
618 1889 855 1971 Philum-cap.
880 1911 933 1952 to.
960 1904 994 1952 et
1020 1888 1062 1952 fic
1074 1885 1169 1981 finus

1 2071 3 2078 Ι
129 1988 263 2052 Cilicius
284 1986 451 2080 profluus
470 1984 597 2081 Ifficur.
631 1991 718 2073 quod
743 1989 861 2052 habent
883 1990 996 2073 reliqui
1017 1990 1112 2063 libri,
1135 1991 1168 2053 iu

127 2089 239 2153 Orosto
257 2089 413 2159 substituit
430 2093 503 2155 cod.
518 2091 692 2177 Pragenfle.
722 2093 816 2154 Unde
833 2092 982 2177 conligas.
1004 2092 1166 2174 posteriori

126 2204 227 2254 aetate
250 2193 314 2255 hoc
333 2212 454 2255 nomen
475 2195 575 2278 tnagis
590 2191 781 2276 irequerttari
795 2206 946 2274 coeptum
961 2191 1033 2256 elle.
1076 2196 1167 2256 Paur-

126 2292 267 2374 plrylittm
281 2295 378 2354 etiam
395 2294 512 2364 vocari,
536 2307 626 2356 notat
642 2294 821 2357 Eustathiue
835 2295 871 2353 ad
890 2293 1021 2374 Dionys.
1040 2315 1073 2360 v.
1091 2316 1103 2355 a
1118 2312 1166 2376 19.

128 2393 169 2455 tle
187 2412 251 2474 quo
265 2392 355 2455 infra.
396 2392 547 2457 Nominis
563 2393 651 2457 causa
667 2408 770 2477 aperta
787 2394 838 2464 esi.
864 2408 905 2465 et,
928 2395 1015 2477 quod
1040 2396 1076 2456 itt
1095 2411 1166 2458 nota

128 2494 199 2556 MS.
218 2495 337 2555 iudicat
356 2494 594 2567 serenorum,
616 2497 655 2558 ab
671 2492 720 2558 1ffi
740 2510 772 2558 et
787 2494 923 2557 Cilicum
941 2497 1166 2561 dominatione

127 2596 287 2657 maritima
305 2594 416 2656 valuit.
466 2597 593 2677 Spectat
615 2613 722 2660 autern
742 2610 848 2658 contra
869 2596 1003 2659 insulam
1019 2598 1165 2682 Cyprum

130 2693 236 2772 (Oros.
261 2715 288 2765 t.
313 2710 346 2758 2.
370 2707 402 2771 8,
420 2704 455 2772 4.
470 2699 530 2775 in.)
554 2700 752 2782 Romanique
763 2691 907 2782 aequoris
922 2701 1077 2760 terminus
1092 2715 1165 2763 erat.

16 2814 20 2821 ·
128 2797 284 2874 (Avienus
305 2797 421 2880 perieg.
439 2817 471 2860 r.
495 2799 588 2877 169.)
640 2800 780 2884 Quidem
799 2814 998 2861 tamencum
1020 2798 1166 2883 latissime

127 2899 306 2960 extendunt
327 2895 414 2959 sensu
435 2899 562 2969 laxiori,
589 2900 629 2962 fic
643 2914 679 2961 ut
694 2900 926 2984 Pamphyliam.
955 2886 1166 2965 Chelidonias

125 2997 250 3070 insulae.
274 3002 416 3081 adeoque
428 3000 536 3062 Patara
557 3003 591 3062 irt
605 3003 698 3080 Lycia
716 3002 872 3086 adtigerit,
895 3002 983 3083 quod
1000 3001 1077 3065 facit
1094 3007 1167 3067 Dio·
1207 2984 1209 3021 ¹

126 3099 195 3180 nys.
214 3122 245 3166 r.
264 3121 304 3166 tt
311 3118 333 3182 9
351 3099 394 3183 sq.
416 3100 472 3161 ubi
489 3103 555 3165 vid.
574 3103 754 3164 Eustathiua
773 3117 806 3163 et
825 3101 991 3164 Salmasius
1013 3104 1048 3165 in
1062 3107 1165 3169 Solita.

126 3222 160 3284 p.
181 3224 225 3266 m.
244 3213 327 3282 548.
354 3222 447 3284 quare
468 3216 500 3264 et
520 3207 659 3265 eundem
679 3205 906 3286 Pamphylium
927 3206 1035 3266 vocari
1061 3204 1166 3269 scribit

127 3303 321 3367 Ebtslarhiue.
373 3303 493 3366 Contra
512 3305 551 3366 ab
567 3305 660 3366 altera
679 3320 767 3386 parte
783 3304 949 3389 proferunt
969 3307 1105 3388 quidam
1127 3308 1165 3372 ad
1207 3338 1209 3351 ·

127 3404 310 3467 Phoenicen
339 3425 455 3487 usque.
491 3419 524 3468 et
554 3406 630 3466 tunc
655 3407 793 3468 tratum
820 3408 853 3467 tn
880 3408 936 3468 tuo
961 3427 978 3468 a
1003 3405 1164 3490 Dionysio
1207 3394 1209 3455 t

126 3525 160 3568 v.
179 3517 262 3582 510.
292 3508 371 3587 poni
404 3520 517 3568 monet
549 3508 743 3570 Scholiastee.
798 3509 921 3590 Syrium
948 3529 1036 3570 mare
1068 3504 1162 3575 'vocat

126 3606 257 3670 Orostue'
275 3626 305 3677 r,
323 3622 355 3670 Ω.
392 3607 523 3689 Proprie
538 3621 644 3669 tttuten
663 3623 695 3671 et
709 3609 817 3672 usitate
838 3627 938 3692 prope
958 3608 1054 3671 lssurrt
1080 3632 1163 3674 com·

125 3724 335 3779 memoratur,
368 3722 400 3769 et
424 3710 537 3770 Amani
558 3710 677 3772 montie
698 3704 953 3772 extremitatibus
974 3711 1160 3783 includitur.

123 3807 258 3895 (Strabo
279 3825 332 3873 ta.
348 3830 379 3892 p.
393 3811 474 3889 568.
487 3808 507 3872 s.
521 3812 626 3890 585.)
649 3811 689 3871 sic
703 3824 741 3871 ut
755 3790 903 3874 a⁸Cilicio
918 3825 951 3873 et
964 3811 1159 3896 Pamphylio

123 3912 204 3973 mari
225 3910 441 3994 distinguatur.
495 3912 567 3973 Hoc
589 3930 665 3973 vero
684 3913 792 3975 artiori
815 3910 901 3972 sensu
923 3912 1043 3975 dicitur
1061 3917 1160 3977 etiam

124 4008 366 4094 Myriandricrts
379 4011 400 4075 s.
416 4011 646 4093 Myriandentts
667 4013 750 4095 apud
771 3997 969 4094 Stephanum
987 4011 1009 4077 l'.
1030 4034 1064 4078 v.
1091 4016 1160 4080 Mtt-

124 4108 277 4203 ρίανδρος,
298 4111 353 4174 ubi
369 4114 616 4194 Herodotumlp.
632 4126 691 4196 88.
714 4113 864 4199 respicere
880 4114 1020 4191 videtur,
1041 4116 1101 4183 etsi
1115 4116 1160 4181 ibi
1205 4202 1209 4225 i

1203 4234 1209 4347 l
