<?xml version="1.0" encoding="UTF-8"?>
<!DOCTYPE html PUBLIC "-//W3C//DTD XHTML 1.0 Transitional//EN"
    "http://www.w3.org/TR/xhtml1/DTD/xhtml1-transitional.dtd">
<html xmlns="http://www.w3.org/1999/xhtml" xml:lang="en" lang="en">
 <head>
  <title>
</title>
<meta http-equiv="Content-Type" content="text/html;charset=utf-8" />
  <meta name='ocr-system' content='tesseract 3.04.00' />
  <meta name='ocr-capabilities' content='ocr_page ocr_carea ocr_par ocr_line ocrx_word'/>
</head>
<body>
  <div class='ocr_page' id='page_1' title='image "./desitvorbislibr00melagoog_0637.png"; bbox 0 0 2656 4702; ppageno 0'>
   <div class='ocr_carea' id='block_1_1' title="bbox 182 390 1006 481">
    <p class='ocr_par' dir='ltr' id='par_1_1' title="bbox 182 390 1006 481">
     <span class='ocr_line' id='line_1_1' title="bbox 182 390 1006 481; baseline -0.008 -23"><span class='ocrx_word' id='word_1_1' title='bbox 182 394 290 481; x_wconf 56' lang='lat' dir='ltr'><strong>arn.</strong></span> <span class='ocrx_word' id='word_1_2' title='bbox 454 393 641 455; x_wconf 78' lang='lat' dir='ltr'><strong>nonan</strong></span> <span class='ocrx_word' id='word_1_3' title='bbox 680 390 1006 473; x_wconf 72' lang='lat' dir='ltr'><strong>arncnrrcrp-</strong></span> 
     </span>
    </p>
   </div>
   <div class='ocr_carea' id='block_1_2' title="bbox 77 560 1282 4392">
    <p class='ocr_par' dir='ltr' id='par_1_2' title="bbox 147 560 1271 1771">
     <span class='ocr_line' id='line_1_2' title="bbox 210 560 1264 661; baseline 0.003 -28"><span class='ocrx_word' id='word_1_4' title='bbox 210 589 289 658; x_wconf 76' lang='lat' dir='ltr'><strong>pag.</strong></span> <span class='ocrx_word' id='word_1_5' title='bbox 304 583 364 648; x_wconf 80' lang='lat'><strong>¹71.</strong></span> <span class='ocrx_word' id='word_1_6' title='bbox 401 568 445 635; x_wconf 78' lang='lat' dir='ltr'><strong>tt.</strong></span> <span class='ocrx_word' id='word_1_7' title='bbox 469 569 592 640; x_wconf 79' lang='lat' dir='ltr'><strong>Stretto</strong></span> <span class='ocrx_word' id='word_1_8' title='bbox 615 567 653 631; x_wconf 77' lang='lat' dir='ltr'><strong>dt</strong></span> <span class='ocrx_word' id='word_1_9' title='bbox 679 561 783 661; x_wconf 74' lang='lat' dir='ltr'><strong>Caffo</strong></span> <span class='ocrx_word' id='word_1_10' title='bbox 802 567 823 632; x_wconf 90' lang='lat' dir='ltr'><strong>l.</strong></span> <span class='ocrx_word' id='word_1_11' title='bbox 848 565 950 632; x_wconf 75' lang='lat' dir='ltr'><strong>bocca</strong></span> <span class='ocrx_word' id='word_1_12' title='bbox 967 565 1004 632; x_wconf 74' lang='lat' dir='ltr'><strong>ar·</strong></span> <span class='ocrx_word' id='word_1_13' title='bbox 1022 565 1057 633; x_wconf 78' lang='lat'><strong>8.</strong></span> <span class='ocrx_word' id='word_1_14' title='bbox 1081 560 1264 636; x_wconf 68' lang='grc' dir='ltr'><strong>Θίουωωὲι</strong></span> 
     </span>
     <span class='ocr_line' id='line_1_3' title="bbox 212 669 691 754; baseline 0 -17"><span class='ocrx_word' id='word_1_15' title='bbox 212 671 425 754; x_wconf 71' lang='lat' dir='ltr'><strong>Meet-Engo</strong></span> <span class='ocrx_word' id='word_1_16' title='bbox 442 692 508 751; x_wconf 74' lang='lat' dir='ltr'><strong>oon</strong></span> <span class='ocrx_word' id='word_1_17' title='bbox 529 669 691 737; x_wconf 75' lang='lat' dir='ltr'><strong>Zobnehn</strong></span> 
     </span>
     <span class='ocr_line' id='line_1_4' title="bbox 233 769 1266 855; baseline -0.006 -14"><span class='ocrx_word' id='word_1_18' title='bbox 233 798 254 837; x_wconf 73' lang='grc'><strong>’.</strong></span> <span class='ocrx_word' id='word_1_19' title='bbox 294 772 631 855; x_wconf 74' lang='lat' dir='ltr'><strong>Corocontlnrna).</strong></span> <span class='ocrx_word' id='word_1_20' title='bbox 676 773 784 839; x_wconf 82' lang='lat' dir='ltr'><strong>Locut</strong></span> <span class='ocrx_word' id='word_1_21' title='bbox 806 792 876 838; x_wconf 88' lang='lat' dir='ltr'><strong>non</strong></span> <span class='ocrx_word' id='word_1_22' title='bbox 904 771 977 836; x_wconf 83' lang='lat' dir='ltr'><strong>latia</strong></span> <span class='ocrx_word' id='word_1_23' title='bbox 997 769 1143 835; x_wconf 76' lang='lat' dir='ltr'><strong>distincte</strong></span> <span class='ocrx_word' id='word_1_24' title='bbox 1161 784 1266 851; x_wconf 75' lang='lat' dir='ltr'><strong>expo·</strong></span> 
     </span>
     <span class='ocr_line' id='line_1_5' title="bbox 215 869 1266 959; baseline -0.006 -22"><span class='ocrx_word' id='word_1_25' title='bbox 215 874 292 959; x_wconf 62' lang='lat' dir='ltr'><strong>sitae</strong></span> <span class='ocrx_word' id='word_1_26' title='bbox 307 872 469 955; x_wconf 74' lang='lat' dir='ltr'><strong>aNoltro,</strong></span> <span class='ocrx_word' id='word_1_27' title='bbox 489 877 627 939; x_wconf 87' lang='lat' dir='ltr'><strong>undeet</strong></span> <span class='ocrx_word' id='word_1_28' title='bbox 643 877 731 941; x_wconf 83' lang='lat' dir='ltr'><strong>varie</strong></span> <span class='ocrx_word' id='word_1_29' title='bbox 748 889 890 943; x_wconf 77' lang='lat' dir='ltr'><strong>tentatur</strong></span> <span class='ocrx_word' id='word_1_30' title='bbox 903 875 948 939; x_wconf 80' lang='lat' dir='ltr'><strong>eil</strong></span> <span class='ocrx_word' id='word_1_31' title='bbox 960 888 995 938; x_wconf 86' lang='lat' dir='ltr'><strong>et</strong></span> <span class='ocrx_word' id='word_1_32' title='bbox 1010 874 1199 957; x_wconf 79' lang='lat' dir='ltr'><strong>explicatua,</strong></span> <span class='ocrx_word' id='word_1_33' title='bbox 1221 869 1266 931; x_wconf 81' lang='lat' dir='ltr'><strong>(le</strong></span> 
     </span>
     <span class='ocr_line' id='line_1_6' title="bbox 213 970 1267 1061; baseline -0.004 -22"><span class='ocrx_word' id='word_1_34' title='bbox 213 998 279 1061; x_wconf 84' lang='lat' dir='ltr'><strong>qno</strong></span> <span class='ocrx_word' id='word_1_35' title='bbox 306 974 478 1041; x_wconf 59' lang='lat' dir='ltr'><strong>cumton</strong></span> <span class='ocrx_word' id='word_1_36' title='bbox 504 978 799 1061; x_wconf 71' lang='lat' dir='ltr'><strong>dictamnideatur</strong></span> <span class='ocrx_word' id='word_1_37' title='bbox 819 981 856 1040; x_wconf 91' lang='lat' dir='ltr'><strong>in</strong></span> <span class='ocrx_word' id='word_1_38' title='bbox 878 992 950 1042; x_wconf 92' lang='lat' dir='ltr'><strong>not.</strong></span> <span class='ocrx_word' id='word_1_39' title='bbox 970 977 1041 1041; x_wconf 89' lang='lat' dir='ltr'><strong>crit.</strong></span> <span class='ocrx_word' id='word_1_40' title='bbox 1054 996 1089 1060; x_wconf 93' lang='lat' dir='ltr'><strong>p.</strong></span> <span class='ocrx_word' id='word_1_41' title='bbox 1104 977 1179 1052; x_wconf 63' lang='grc' dir='ltr'><strong>ὕει</strong></span> <span class='ocrx_word' id='word_1_42' title='bbox 1197 970 1267 1055; x_wconf 67' lang='grc' dir='ltr'><strong>[ιη.</strong></span> 
     </span>
     <span class='ocr_line' id='line_1_7' title="bbox 215 1079 613 1163; baseline 0.01 -23"><span class='ocrx_word' id='word_1_43' title='bbox 215 1079 381 1163; x_wconf 75' lang='lat' dir='ltr'><strong>laqtrentia</strong></span> <span class='ocrx_word' id='word_1_44' title='bbox 403 1098 471 1145; x_wconf 89' lang='lat' dir='ltr'><strong>non</strong></span> <span class='ocrx_word' id='word_1_45' title='bbox 493 1099 613 1144; x_wconf 83' lang='lat' dir='ltr'><strong>moror.</strong></span> 
     </span>
     <span class='ocr_line' id='line_1_8' title="bbox 291 1176 1267 1267; baseline -0.001 -25"><span class='ocrx_word' id='word_1_46' title='bbox 291 1180 498 1265; x_wconf 81' lang='lat' dir='ltr'><strong>quotuor)</strong></span> <span class='ocrx_word' id='word_1_47' title='bbox 540 1181 629 1267; x_wconf 80' lang='lat' dir='ltr'><strong>Quae</strong></span> <span class='ocrx_word' id='word_1_48' title='bbox 649 1183 819 1264; x_wconf 76' lang='lat' dir='ltr'><strong>adpellatio</strong></span> <span class='ocrx_word' id='word_1_49' title='bbox 838 1180 903 1266; x_wconf 79' lang='lat' dir='ltr'><strong>ipsa</strong></span> <span class='ocrx_word' id='word_1_50' title='bbox 921 1181 1019 1244; x_wconf 86' lang='lat' dir='ltr'><strong>dietat</strong></span> <span class='ocrx_word' id='word_1_51' title='bbox 1036 1177 1098 1244; x_wconf 88' lang='lat' dir='ltr'><strong>elle</strong></span> <span class='ocrx_word' id='word_1_52' title='bbox 1115 1176 1267 1241; x_wconf 75' lang='lat' dir='ltr'><strong>Graecat-</strong></span> 
     </span>
     <span class='ocr_line' id='line_1_9' title="bbox 147 1272 1268 1367; baseline -0.004 -20"><span class='ocrx_word' id='word_1_53' title='bbox 147 1332 152 1351; x_wconf 83' lang='lat'><strong>.</strong></span> <span class='ocrx_word' id='word_1_54' title='bbox 215 1283 312 1347; x_wconf 85' lang='lat' dir='ltr'><strong>llndo</strong></span> <span class='ocrx_word' id='word_1_55' title='bbox 346 1283 491 1366; x_wconf 84' lang='lat' dir='ltr'><strong>adparet,</strong></span> <span class='ocrx_word' id='word_1_56' title='bbox 533 1272 730 1367; x_wconf 84' lang='lat' dir='ltr'><strong>quantopere</strong></span> <span class='ocrx_word' id='word_1_57' title='bbox 758 1286 853 1347; x_wconf 91' lang='lat' dir='ltr'><strong>omni</strong></span> <span class='ocrx_word' id='word_1_58' title='bbox 885 1297 952 1347; x_wconf 89' lang='lat' dir='ltr'><strong>arte</strong></span> <span class='ocrx_word' id='word_1_59' title='bbox 984 1282 1167 1346; x_wconf 73' lang='lat' dir='ltr'><strong>caruerint</strong></span> <span class='ocrx_word' id='word_1_60' title='bbox 1200 1279 1268 1343; x_wconf 88' lang='lat' dir='ltr'><strong>lroc</strong></span> 
     </span>
     <span class='ocr_line' id='line_1_10' title="bbox 197 1382 1269 1470; baseline -0.004 -23"><span class='ocrx_word' id='word_1_61' title='bbox 197 1384 348 1469; x_wconf 44' lang='lat' dir='ltr'><strong>,Graeci</strong></span> <span class='ocrx_word' id='word_1_62' title='bbox 382 1398 418 1446; x_wconf 91' lang='lat' dir='ltr'><strong>nt</strong></span> <span class='ocrx_word' id='word_1_63' title='bbox 438 1383 537 1450; x_wconf 78' lang='lat' dir='ltr'><strong>allent</strong></span> <span class='ocrx_word' id='word_1_64' title='bbox 557 1399 706 1470; x_wconf 81' lang='lat' dir='ltr'><strong>potenter</strong></span> <span class='ocrx_word' id='word_1_65' title='bbox 724 1390 874 1450; x_wconf 85' lang='lat' dir='ltr'><strong>omnium</strong></span> <span class='ocrx_word' id='word_1_66' title='bbox 896 1387 1046 1458; x_wconf 85' lang='lat' dir='ltr'><strong>litorum,</strong></span> <span class='ocrx_word' id='word_1_67' title='bbox 1079 1402 1160 1466; x_wconf 86' lang='lat' dir='ltr'><strong>quae</strong></span> <span class='ocrx_word' id='word_1_68' title='bbox 1184 1382 1269 1444; x_wconf 86' lang='lat' dir='ltr'><strong>circa</strong></span> 
     </span>
     <span class='ocr_line' id='line_1_11' title="bbox 152 1472 1270 1568; baseline -0.004 -19"><span class='ocrx_word' id='word_1_69' title='bbox 152 1512 155 1517; x_wconf 61' lang='grc'><em>’</em></span> <span class='ocrx_word' id='word_1_70' title='bbox 215 1487 301 1551; x_wconf 86' lang='lat' dir='ltr'><strong>lraoc</strong></span> <span class='ocrx_word' id='word_1_71' title='bbox 319 1500 442 1568; x_wconf 87' lang='lat' dir='ltr'><strong>partem</strong></span> <span class='ocrx_word' id='word_1_72' title='bbox 463 1487 661 1550; x_wconf 75' lang='lat' dir='ltr'><strong>circumdant</strong></span> <span class='ocrx_word' id='word_1_73' title='bbox 678 1489 821 1552; x_wconf 89' lang='lat' dir='ltr'><strong>Pontum</strong></span> <span class='ocrx_word' id='word_1_74' title='bbox 842 1472 1027 1556; x_wconf 80' lang='lat' dir='ltr'><strong>Euxinum.</strong></span> <span class='ocrx_word' id='word_1_75' title='bbox 1055 1499 1109 1556; x_wconf 84' lang='lat' dir='ltr'><strong>nt,</strong></span> <span class='ocrx_word' id='word_1_76' title='bbox 1138 1483 1159 1543; x_wconf 83' lang='lat' dir='ltr'><strong>fi</strong></span> <span class='ocrx_word' id='word_1_77' title='bbox 1182 1481 1270 1545; x_wconf 83' lang='lat' dir='ltr'>nihil</span> 
     </span>
     <span class='ocr_line' id='line_1_12' title="bbox 189 1580 1271 1674; baseline -0.002 -26"><span class='ocrx_word' id='word_1_78' title='bbox 189 1580 199 1635; x_wconf 70' lang='grc' dir='ltr'>ἲ</span> <span class='ocrx_word' id='word_1_79' title='bbox 218 1588 321 1668; x_wconf 71' lang='lat' dir='ltr'><strong>aliud,</strong></span> <span class='ocrx_word' id='word_1_80' title='bbox 347 1601 432 1650; x_wconf 79' lang='lat' dir='ltr'><strong>certe</strong></span> <span class='ocrx_word' id='word_1_81' title='bbox 447 1585 647 1653; x_wconf 85' lang='lat' dir='ltr'><strong>frumentum</strong></span> <span class='ocrx_word' id='word_1_82' title='bbox 662 1602 695 1652; x_wconf 82' lang='lat' dir='ltr'><strong>et</strong></span> <span class='ocrx_word' id='word_1_83' title='bbox 711 1587 940 1653; x_wconf 67' lang='lat' dir='ltr'><strong>taliamentum,</strong></span> <span class='ocrx_word' id='word_1_84' title='bbox 952 1609 993 1652; x_wconf 86' lang='lat' dir='ltr'><strong>ex</strong></span> <span class='ocrx_word' id='word_1_85' title='bbox 1013 1588 1064 1652; x_wconf 84' lang='lat' dir='ltr'><strong>hia</strong></span> <span class='ocrx_word' id='word_1_86' title='bbox 1077 1584 1271 1674; x_wconf 77' lang='lat' dir='ltr'><strong>regionibua</strong></span> 
     </span>
     <span class='ocr_line' id='line_1_13' title="bbox 219 1688 929 1771; baseline -0.004 -18"><span class='ocrx_word' id='word_1_87' title='bbox 219 1690 407 1770; x_wconf 77' lang='lat' dir='ltr'><strong>conquirere</strong></span> <span class='ocrx_word' id='word_1_88' title='bbox 427 1688 561 1771; x_wconf 75' lang='lat' dir='ltr'><strong>pollent.</strong></span> <span class='ocrx_word' id='word_1_89' title='bbox 596 1710 621 1754; x_wconf 89' lang='lat'><strong>1.</strong></span> <span class='ocrx_word' id='word_1_90' title='bbox 639 1708 837 1752; x_wconf 78' lang='lat' dir='ltr'><strong>onortovrve</strong></span> <span class='ocrx_word' id='word_1_91' title='bbox 852 1689 929 1753; x_wconf 86' lang='lat' dir='ltr'><strong>MS.</strong></span> 
     </span>
    </p>

    <p class='ocr_par' dir='ltr' id='par_1_3' title="bbox 108 1780 1275 2584">
     <span class='ocr_line' id='line_1_14' title="bbox 108 1780 1274 1883; baseline 0.002 -33"><span class='ocrx_word' id='word_1_92' title='bbox 108 1878 111 1883; x_wconf 25' lang='grc' dir='ltr'>Ι</span> <span class='ocrx_word' id='word_1_93' title='bbox 256 1834 258 1839; x_wconf 88' lang='grc'><strong>-</strong></span> <span class='ocrx_word' id='word_1_94' title='bbox 296 1780 575 1883; x_wconf 73' lang='lat' dir='ltr'><strong>Hermonassa</strong></span> <span class='ocrx_word' id='word_1_95' title='bbox 582 1790 601 1872; x_wconf 90' lang='lat'><em>)</em></span> <span class='ocrx_word' id='word_1_96' title='bbox 660 1785 877 1881; x_wconf 74' lang='grc' dir='ltr'>Ἐρμὼναᾳσα</span> <span class='ocrx_word' id='word_1_97' title='bbox 898 1789 1013 1855; x_wconf 84' lang='lat' dir='ltr'><strong>Strabo</strong></span> <span class='ocrx_word' id='word_1_98' title='bbox 1033 1808 1091 1854; x_wconf 83' lang='lat'><strong>11.</strong></span> <span class='ocrx_word' id='word_1_99' title='bbox 1118 1798 1154 1873; x_wconf 77' lang='lat' dir='ltr'><strong>p.</strong></span> <span class='ocrx_word' id='word_1_100' title='bbox 1180 1793 1274 1870; x_wconf 73' lang='grc'><strong>341.</strong></span> 
     </span>
     <span class='ocr_line' id='line_1_15' title="bbox 220 1884 1273 1976; baseline 0 -24"><span class='ocrx_word' id='word_1_101' title='bbox 220 1888 346 1971; x_wconf 62' lang='grc' dir='ltr'><strong>ῌιρι.</strong></span> <span class='ocrx_word' id='word_1_102' title='bbox 367 1904 402 1953; x_wconf 86' lang='lat' dir='ltr'><strong>et</strong></span> <span class='ocrx_word' id='word_1_103' title='bbox 424 1892 661 1976; x_wconf 78' lang='lat' dir='ltr'><strong>Stephanueh.</strong></span> <span class='ocrx_word' id='word_1_104' title='bbox 687 1913 720 1955; x_wconf 80' lang='lat' dir='ltr'><strong>v.</strong></span> <span class='ocrx_word' id='word_1_105' title='bbox 754 1894 809 1975; x_wconf 88' lang='lat' dir='ltr'><strong>qni</strong></span> <span class='ocrx_word' id='word_1_106' title='bbox 830 1891 965 1955; x_wconf 87' lang='lat' dir='ltr'><strong>inlularn</strong></span> <span class='ocrx_word' id='word_1_107' title='bbox 987 1884 1067 1953; x_wconf 79' lang='lat' dir='ltr'><strong>clrcit</strong></span> <span class='ocrx_word' id='word_1_108' title='bbox 1088 1909 1166 1955; x_wconf 83' lang='lat' dir='ltr'><strong>carn</strong></span> <span class='ocrx_word' id='word_1_109' title='bbox 1188 1887 1273 1953; x_wconf 83' lang='lat' dir='ltr'><strong>urbe</strong></span> 
     </span>
     <span class='ocr_line' id='line_1_16' title="bbox 220 1988 1273 2084; baseline -0.001 -31"><span class='ocrx_word' id='word_1_110' title='bbox 220 1993 421 2081; x_wconf 76' lang='lat' dir='ltr'><strong>cognomini.</strong></span> <span class='ocrx_word' id='word_1_111' title='bbox 445 1988 643 2084; x_wconf 69' lang='lat' dir='ltr'><strong>‘Epptirvatnv</strong></span> <span class='ocrx_word' id='word_1_112' title='bbox 656 1995 764 2057; x_wconf 80' lang='lat' dir='ltr'><strong>vocari</strong></span> <span class='ocrx_word' id='word_1_113' title='bbox 778 2014 795 2056; x_wconf 86' lang='lat' dir='ltr'><strong>a</strong></span> <span class='ocrx_word' id='word_1_114' title='bbox 810 1995 953 2074; x_wconf 79' lang='lat' dir='ltr'><strong>Scymno</strong></span> <span class='ocrx_word' id='word_1_115' title='bbox 968 2006 1083 2056; x_wconf 86' lang='lat' dir='ltr'><strong>monet</strong></span> <span class='ocrx_word' id='word_1_116' title='bbox 1097 1993 1198 2063; x_wconf 76' lang='lat' dir='ltr'><strong>idean,</strong></span> <span class='ocrx_word' id='word_1_117' title='bbox 1214 1989 1273 2053; x_wconf 86' lang='lat' dir='ltr'><strong>nbi</strong></span> 
     </span>
     <span class='ocr_line' id='line_1_17' title="bbox 220 2092 1274 2181; baseline -0.003 -24"><span class='ocrx_word' id='word_1_118' title='bbox 220 2106 331 2157; x_wconf 80' lang='lat' dir='ltr'><strong>tamen</strong></span> <span class='ocrx_word' id='word_1_119' title='bbox 345 2092 444 2158; x_wconf 88' lang='lat' dir='ltr'><strong>hodie</strong></span> <span class='ocrx_word' id='word_1_120' title='bbox 458 2096 494 2159; x_wconf 87' lang='lat' dir='ltr'><strong>in</strong></span> <span class='ocrx_word' id='word_1_121' title='bbox 509 2093 622 2181; x_wconf 74' lang='lat' dir='ltr'><strong>fragm.</strong></span> <span class='ocrx_word' id='word_1_122' title='bbox 637 2117 672 2159; x_wconf 82' lang='lat' dir='ltr'><strong>v.</strong></span> <span class='ocrx_word' id='word_1_123' title='bbox 691 2108 782 2173; x_wconf 74' lang='lat'><strong>152.</strong></span> <span class='ocrx_word' id='word_1_124' title='bbox 792 2096 911 2180; x_wconf 79' lang='lat' dir='ltr'><strong>legitur</strong></span> <span class='ocrx_word' id='word_1_125' title='bbox 926 2093 1154 2166; x_wconf 67' lang='lat' dir='ltr'><strong>Hermoneia,</strong></span> <span class='ocrx_word' id='word_1_126' title='bbox 1177 2106 1222 2155; x_wconf 84' lang='lat' dir='ltr'><strong>nt</strong></span> <span class='ocrx_word' id='word_1_127' title='bbox 1234 2093 1274 2155; x_wconf 92' lang='lat' dir='ltr'><strong>in</strong></span> 
     </span>
     <span class='ocr_line' id='line_1_18' title="bbox 221 2193 1275 2280; baseline -0.002 -21"><span class='ocrx_word' id='word_1_128' title='bbox 221 2197 378 2274; x_wconf 83' lang='lat' dir='ltr'><strong>anonymi</strong></span> <span class='ocrx_word' id='word_1_129' title='bbox 392 2196 516 2280; x_wconf 80' lang='lat' dir='ltr'><strong>periplo</strong></span> <span class='ocrx_word' id='word_1_130' title='bbox 531 2217 564 2279; x_wconf 89' lang='lat' dir='ltr'><strong>p.</strong></span> <span class='ocrx_word' id='word_1_131' title='bbox 577 2212 611 2259; x_wconf 82' lang='lat'><strong>2.</strong></span> <span class='ocrx_word' id='word_1_132' title='bbox 627 2193 731 2260; x_wconf 79' lang='lat' dir='ltr'><strong>llnrll.</strong></span> <span class='ocrx_word' id='word_1_133' title='bbox 751 2198 809 2279; x_wconf 86' lang='lat' dir='ltr'><strong>qui</strong></span> <span class='ocrx_word' id='word_1_134' title='bbox 825 2196 917 2259; x_wconf 89' lang='lat' dir='ltr'><strong>illum</strong></span> <span class='ocrx_word' id='word_1_135' title='bbox 932 2197 1066 2259; x_wconf 80' lang='lat' dir='ltr'><strong>reddere</strong></span> <span class='ocrx_word' id='word_1_136' title='bbox 1083 2194 1172 2259; x_wconf 81' lang='lat' dir='ltr'><strong>folet.</strong></span> <span class='ocrx_word' id='word_1_137' title='bbox 1202 2195 1275 2258; x_wconf 87' lang='lat' dir='ltr'><strong>Ste-</strong></span> 
     </span>
     <span class='ocr_line' id='line_1_19' title="bbox 221 2278 1275 2381; baseline 0.001 -23"><span class='ocrx_word' id='word_1_138' title='bbox 221 2295 322 2380; x_wconf 86' lang='lat' dir='ltr'><strong>phani</strong></span> <span class='ocrx_word' id='word_1_139' title='bbox 345 2278 454 2360; x_wconf 67' lang='lat' dir='ltr'><strong>lamen</strong></span> <span class='ocrx_word' id='word_1_140' title='bbox 480 2299 654 2361; x_wconf 85' lang='lat' dir='ltr'><strong>lectionem</strong></span> <span class='ocrx_word' id='word_1_141' title='bbox 681 2299 796 2380; x_wconf 85' lang='lat' dir='ltr'><strong>probat</strong></span> <span class='ocrx_word' id='word_1_142' title='bbox 816 2297 986 2362; x_wconf 85' lang='lat' dir='ltr'><strong>Berkeliua</strong></span> <span class='ocrx_word' id='word_1_143' title='bbox 1008 2317 1041 2381; x_wconf 88' lang='lat' dir='ltr'><strong>p.</strong></span> <span class='ocrx_word' id='word_1_144' title='bbox 1059 2308 1145 2377; x_wconf 75' lang='lat'><strong>352.</strong></span> <span class='ocrx_word' id='word_1_145' title='bbox 1173 2296 1275 2359; x_wconf 83' lang='lat' dir='ltr'><strong>lonea</strong></span> 
     </span>
     <span class='ocr_line' id='line_1_20' title="bbox 223 2393 1274 2479; baseline -0.002 -16"><span class='ocrx_word' id='word_1_146' title='bbox 223 2398 408 2463; x_wconf 73' lang='lat' dir='ltr'><strong>conditores</strong></span> <span class='ocrx_word' id='word_1_147' title='bbox 429 2398 504 2460; x_wconf 79' lang='lat' dir='ltr'><strong>lacit</strong></span> <span class='ocrx_word' id='word_1_148' title='bbox 523 2397 657 2479; x_wconf 79' lang='lat' dir='ltr'><strong>Dionyl.</strong></span> <span class='ocrx_word' id='word_1_149' title='bbox 674 2419 709 2461; x_wconf 82' lang='lat' dir='ltr'><strong>v.</strong></span> <span class='ocrx_word' id='word_1_150' title='bbox 727 2411 812 2479; x_wconf 78' lang='lat'><strong>553.</strong></span> <span class='ocrx_word' id='word_1_151' title='bbox 836 2399 887 2463; x_wconf 81' lang='lat' dir='ltr'><strong>hio</strong></span> <span class='ocrx_word' id='word_1_152' title='bbox 908 2399 1033 2468; x_wconf 76' lang='lat' dir='ltr'><strong>verbiat</strong></span> <span class='ocrx_word' id='word_1_153' title='bbox 1064 2393 1274 2463; x_wconf 72' lang='grc' dir='ltr'><strong>ναιετάουσιν</strong></span> 
     </span>
     <span class='ocr_line' id='line_1_21' title="bbox 224 2493 1274 2584; baseline -0.003 -21"><span class='ocrx_word' id='word_1_154' title='bbox 224 2495 358 2575; x_wconf 79' lang='grc' dir='ltr'>Ἰωνὶδος</span> <span class='ocrx_word' id='word_1_155' title='bbox 382 2494 508 2583; x_wconf 76' lang='grc' dir='ltr'>ἔκγονοι</span> <span class='ocrx_word' id='word_1_156' title='bbox 530 2493 620 2584; x_wconf 75' lang='grc' dir='ltr'><strong>αἴης.</strong></span> <span class='ocrx_word' id='word_1_157' title='bbox 653 2498 710 2560; x_wconf 86' lang='lat' dir='ltr'><strong>ubi</strong></span> <span class='ocrx_word' id='word_1_158' title='bbox 733 2499 848 2563; x_wconf 87' lang='lat' dir='ltr'><strong>vitiole</strong></span> <span class='ocrx_word' id='word_1_159' title='bbox 878 2502 913 2563; x_wconf 92' lang='lat' dir='ltr'><strong>in</strong></span> <span class='ocrx_word' id='word_1_160' title='bbox 942 2500 1107 2563; x_wconf 81' lang='lat' dir='ltr'><strong>Eullatltio</strong></span> <span class='ocrx_word' id='word_1_161' title='bbox 1132 2501 1274 2584; x_wconf 79' lang='lat' dir='ltr'><strong>legitur:</strong></span> 
     </span>
    </p>

    <p class='ocr_par' dir='ltr' id='par_1_4' title="bbox 141 2595 1278 3094">
     <span class='ocr_line' id='line_1_22' title="bbox 141 2595 1277 2685; baseline 0 -21"><span class='ocrx_word' id='word_1_162' title='bbox 141 2620 146 2627; x_wconf 86' lang='grc'><strong><em>’</em></strong></span> <span class='ocrx_word' id='word_1_163' title='bbox 224 2595 377 2665; x_wconf 77' lang='grc' dir='ltr'>Παιόνων</span> <span class='ocrx_word' id='word_1_164' title='bbox 407 2596 539 2665; x_wconf 71' lang='grc' dir='ltr'>ἔποικοι</span> <span class='ocrx_word' id='word_1_165' title='bbox 563 2596 692 2676; x_wconf 72' lang='grc' dir='ltr'>πόλεις,</span> <span class='ocrx_word' id='word_1_166' title='bbox 725 2621 843 2685; x_wconf 86' lang='lat' dir='ltr'><strong>nempe</strong></span> <span class='ocrx_word' id='word_1_167' title='bbox 868 2600 1075 2666; x_wconf 83' lang='lat' dir='ltr'><strong>Harmonalla</strong></span> <span class='ocrx_word' id='word_1_168' title='bbox 1095 2613 1129 2665; x_wconf 87' lang='lat' dir='ltr'><strong>et</strong></span> <span class='ocrx_word' id='word_1_169' title='bbox 1150 2602 1277 2664; x_wconf 81' lang='lat' dir='ltr'><strong>Phane-</strong></span> 
     </span>
     <span class='ocr_line' id='line_1_23' title="bbox 226 2702 1276 2789; baseline 0.003 -25"><span class='ocrx_word' id='word_1_170' title='bbox 226 2702 327 2789; x_wconf 74' lang='lat' dir='ltr'><strong>goria.</strong></span> <span class='ocrx_word' id='word_1_171' title='bbox 372 2702 467 2766; x_wconf 83' lang='lat' dir='ltr'><strong>lonae</strong></span> <span class='ocrx_word' id='word_1_172' title='bbox 490 2715 599 2765; x_wconf 85' lang='lat' dir='ltr'><strong>tuetur</strong></span> <span class='ocrx_word' id='word_1_173' title='bbox 622 2704 721 2766; x_wconf 83' lang='lat' dir='ltr'><strong>etiam</strong></span> <span class='ocrx_word' id='word_1_174' title='bbox 750 2703 978 2787; x_wconf 83' lang='lat' dir='ltr'><strong>Metaphrallea</strong></span> <span class='ocrx_word' id='word_1_175' title='bbox 1011 2723 1085 2766; x_wconf 87' lang='lat' dir='ltr'><strong>cum</strong></span> <span class='ocrx_word' id='word_1_176' title='bbox 1110 2702 1276 2767; x_wconf 87' lang='lat' dir='ltr'><strong>Priloiano</strong></span> 
     </span>
     <span class='ocr_line' id='line_1_24' title="bbox 226 2802 1276 2884; baseline 0.001 -17"><span class='ocrx_word' id='word_1_177' title='bbox 226 2824 262 2867; x_wconf 81' lang='lat' dir='ltr'><strong>v.</strong></span> <span class='ocrx_word' id='word_1_178' title='bbox 278 2804 363 2881; x_wconf 85' lang='grc'><strong>565.</strong></span> <span class='ocrx_word' id='word_1_179' title='bbox 398 2802 536 2867; x_wconf 82' lang='lat' dir='ltr'><strong>Graecoa</strong></span> <span class='ocrx_word' id='word_1_180' title='bbox 557 2807 695 2869; x_wconf 88' lang='lat' dir='ltr'><strong>omnino</strong></span> <span class='ocrx_word' id='word_1_181' title='bbox 715 2807 864 2871; x_wconf 86' lang='lat' dir='ltr'><strong>nominat</strong></span> <span class='ocrx_word' id='word_1_182' title='bbox 880 2806 1041 2869; x_wconf 77' lang='lat' dir='ltr'><strong>Ammian.</strong></span> <span class='ocrx_word' id='word_1_183' title='bbox 1059 2820 1119 2876; x_wconf 79' lang='lat' dir='ltr'><strong>aa,</strong></span> <span class='ocrx_word' id='word_1_184' title='bbox 1134 2817 1170 2884; x_wconf 78' lang='grc'><strong>8.</strong></span> <span class='ocrx_word' id='word_1_185' title='bbox 1223 2806 1276 2868; x_wconf 90' lang='lat' dir='ltr'><strong>De</strong></span> 
     </span>
     <span class='ocr_line' id='line_1_25' title="bbox 226 2906 1277 2992; baseline 0 -24"><span class='ocrx_word' id='word_1_186' title='bbox 226 2907 364 2987; x_wconf 73' lang='lat' dir='ltr'><strong>nomine</strong></span> <span class='ocrx_word' id='word_1_187' title='bbox 380 2907 448 2969; x_wconf 84' lang='lat' dir='ltr'><strong>vid.</strong></span> <span class='ocrx_word' id='word_1_188' title='bbox 464 2906 649 2968; x_wconf 83' lang='lat' dir='ltr'><strong>Enstathina</strong></span> <span class='ocrx_word' id='word_1_189' title='bbox 666 2925 694 2969; x_wconf 89' lang='lat' dir='ltr'><strong>c.</strong></span> <span class='ocrx_word' id='word_1_190' title='bbox 709 2907 731 2971; x_wconf 94' lang='lat' dir='ltr'><strong>l.</strong></span> <span class='ocrx_word' id='word_1_191' title='bbox 767 2907 868 2992; x_wconf 84' lang='lat' dir='ltr'><strong>Quod</strong></span> <span class='ocrx_word' id='word_1_192' title='bbox 885 2925 964 2969; x_wconf 85' lang='lat' dir='ltr'><strong>vero</strong></span> <span class='ocrx_word' id='word_1_193' title='bbox 978 2908 1159 2989; x_wconf 83' lang='lat' dir='ltr'><strong>Stephanoa</strong></span> <span class='ocrx_word' id='word_1_194' title='bbox 1172 2919 1277 2990; x_wconf 80' lang='lat' dir='ltr'><strong>putat,</strong></span> 
     </span>
     <span class='ocr_line' id='line_1_26' title="bbox 230 3002 1278 3094; baseline 0.002 -23"><span class='ocrx_word' id='word_1_195' title='bbox 230 3002 418 3071; x_wconf 81' lang='lat' dir='ltr'><strong>aStrabone</strong></span> <span class='ocrx_word' id='word_1_196' title='bbox 441 3007 497 3072; x_wconf 91' lang='lat' dir='ltr'><strong>lib.</strong></span> <span class='ocrx_word' id='word_1_197' title='bbox 511 3023 544 3085; x_wconf 90' lang='lat'><strong>7.</strong></span> <span class='ocrx_word' id='word_1_198' title='bbox 566 3026 637 3092; x_wconf 82' lang='lat' dir='ltr'><strong>pag.</strong></span> <span class='ocrx_word' id='word_1_199' title='bbox 655 3024 740 3073; x_wconf 82' lang='lat' dir='ltr'><strong>arr.</strong></span> <span class='ocrx_word' id='word_1_200' title='bbox 758 3008 779 3072; x_wconf 92' lang='lat' dir='ltr'><strong>l.</strong></span> <span class='ocrx_word' id='word_1_201' title='bbox 798 3009 882 3085; x_wconf 84' lang='lat'><strong>306.</strong></span> <span class='ocrx_word' id='word_1_202' title='bbox 905 3008 1132 3072; x_wconf 83' lang='lat' dir='ltr'><strong>Hermonactia</strong></span> <span class='ocrx_word' id='word_1_203' title='bbox 1152 3027 1278 3094; x_wconf 80' lang='lat' dir='ltr'><strong>pagum</strong></span> 
     </span>
    </p>

    <p class='ocr_par' dir='ltr' id='par_1_5' title="bbox 165 3107 1279 3700">
     <span class='ocr_line' id='line_1_27' title="bbox 165 3107 1279 3192; baseline 0.008 -27"><span class='ocrx_word' id='word_1_204' title='bbox 165 3160 168 3165; x_wconf 91' lang='lat'><strong>.</strong></span> <span class='ocrx_word' id='word_1_205' title='bbox 229 3108 355 3183; x_wconf 62' lang='lat' dir='ltr'><strong>vocari,</strong></span> <span class='ocrx_word' id='word_1_206' title='bbox 386 3107 521 3180; x_wconf 84' lang='lat' dir='ltr'><strong>fallitur,</strong></span> <span class='ocrx_word' id='word_1_207' title='bbox 551 3110 626 3191; x_wconf 79' lang='lat' dir='ltr'><strong>quie</strong></span> <span class='ocrx_word' id='word_1_208' title='bbox 647 3110 761 3174; x_wconf 84' lang='lat' dir='ltr'><strong>Strabo</strong></span> <span class='ocrx_word' id='word_1_209' title='bbox 784 3109 874 3172; x_wconf 86' lang='lat' dir='ltr'><strong>hunc</strong></span> <span class='ocrx_word' id='word_1_210' title='bbox 896 3111 990 3192; x_wconf 86' lang='lat' dir='ltr'><strong>ponit</strong></span> <span class='ocrx_word' id='word_1_211' title='bbox 1009 3111 1049 3173; x_wconf 86' lang='lat' dir='ltr'><strong>ad</strong></span> <span class='ocrx_word' id='word_1_212' title='bbox 1073 3113 1177 3190; x_wconf 83' lang='lat' dir='ltr'><strong>Tyrae</strong></span> <span class='ocrx_word' id='word_1_213' title='bbox 1197 3108 1279 3175; x_wconf 81' lang='lat' dir='ltr'><strong>oilla</strong></span> 
     </span>
     <span class='ocr_line' id='line_1_28' title="bbox 230 3207 1277 3294; baseline 0.008 -23"><span class='ocrx_word' id='word_1_214' title='bbox 230 3207 304 3271; x_wconf 84' lang='lat' dir='ltr'><strong>latia</strong></span> <span class='ocrx_word' id='word_1_215' title='bbox 318 3209 396 3272; x_wconf 89' lang='lat' dir='ltr'><strong>hinc</strong></span> <span class='ocrx_word' id='word_1_216' title='bbox 416 3225 556 3283; x_wconf 83' lang='lat' dir='ltr'><strong>remota,</strong></span> <span class='ocrx_word' id='word_1_217' title='bbox 584 3225 676 3292; x_wconf 88' lang='lat' dir='ltr'><strong>atque</strong></span> <span class='ocrx_word' id='word_1_218' title='bbox 700 3214 788 3276; x_wconf 84' lang='lat' dir='ltr'><strong>idem</strong></span> <span class='ocrx_word' id='word_1_219' title='bbox 811 3211 924 3294; x_wconf 84' lang='lat' dir='ltr'><strong>probat</strong></span> <span class='ocrx_word' id='word_1_220' title='bbox 943 3211 1148 3277; x_wconf 83' lang='lat' dir='ltr'><strong>Ptolemaeut</strong></span> <span class='ocrx_word' id='word_1_221' title='bbox 1162 3226 1195 3293; x_wconf 81' lang='grc'><strong>3.</strong></span> <span class='ocrx_word' id='word_1_222' title='bbox 1220 3232 1277 3279; x_wconf 89' lang='grc' dir='ltr'><strong>ιο.</strong></span> 
     </span>
     <span class='ocr_line' id='line_1_29' title="bbox 231 3302 1279 3398; baseline 0.004 -25"><span class='ocrx_word' id='word_1_223' title='bbox 231 3302 400 3393; x_wconf 75' lang='grc' dir='ltr'><strong>Εὕκτιτον</strong></span> <span class='ocrx_word' id='word_1_224' title='bbox 423 3326 517 3375; x_wconf 82' lang='lat' dir='ltr'><strong>vocat</strong></span> <span class='ocrx_word' id='word_1_225' title='bbox 539 3312 671 3392; x_wconf 79' lang='lat' dir='ltr'><strong>Dionys.</strong></span> <span class='ocrx_word' id='word_1_226' title='bbox 690 3335 717 3378; x_wconf 89' lang='lat' dir='ltr'><strong>c.</strong></span> <span class='ocrx_word' id='word_1_227' title='bbox 735 3315 758 3377; x_wconf 91' lang='lat' dir='ltr'><strong>l.</strong></span> <span class='ocrx_word' id='word_1_228' title='bbox 790 3325 824 3376; x_wconf 86' lang='lat' dir='ltr'><strong>et</strong></span> <span class='ocrx_word' id='word_1_229' title='bbox 843 3313 879 3374; x_wconf 92' lang='lat' dir='ltr'><strong>in</strong></span> <span class='ocrx_word' id='word_1_230' title='bbox 902 3315 1007 3395; x_wconf 87' lang='lat' dir='ltr'><strong>primo</strong></span> <span class='ocrx_word' id='word_1_231' title='bbox 1031 3314 1122 3376; x_wconf 86' lang='lat' dir='ltr'><strong>aditu</strong></span> <span class='ocrx_word' id='word_1_232' title='bbox 1141 3313 1279 3398; x_wconf 77' lang='lat' dir='ltr'><strong>Bospori</strong></span> 
     </span>
     <span class='ocr_line' id='line_1_30' title="bbox 234 3398 1278 3501; baseline 0.006 -27"><span class='ocrx_word' id='word_1_233' title='bbox 234 3414 379 3477; x_wconf 78' lang='lat' dir='ltr'><strong>conlocat</strong></span> <span class='ocrx_word' id='word_1_234' title='bbox 390 3398 474 3476; x_wconf 85' lang='lat' dir='ltr'><strong>Plin.</strong></span> <span class='ocrx_word' id='word_1_235' title='bbox 490 3416 523 3484; x_wconf 85' lang='lat'><strong>6.</strong></span> <span class='ocrx_word' id='word_1_236' title='bbox 541 3416 575 3479; x_wconf 88' lang='grc'><strong>6.</strong></span> <span class='ocrx_word' id='word_1_237' title='bbox 598 3435 665 3476; x_wconf 83' lang='grc' dir='ltr'>ιιοιι</span> <span class='ocrx_word' id='word_1_238' title='bbox 685 3415 780 3501; x_wconf 77' lang='lat' dir='ltr'><strong>longe</strong></span> <span class='ocrx_word' id='word_1_239' title='bbox 794 3434 812 3475; x_wconf 86' lang='lat' dir='ltr'><strong>a</strong></span> <span class='ocrx_word' id='word_1_240' title='bbox 827 3415 958 3479; x_wconf 85' lang='lat' dir='ltr'><strong>Sindico</strong></span> <span class='ocrx_word' id='word_1_241' title='bbox 974 3428 1070 3497; x_wconf 90' lang='lat' dir='ltr'><strong>portu</strong></span> <span class='ocrx_word' id='word_1_242' title='bbox 1086 3415 1172 3479; x_wconf 86' lang='lat' dir='ltr'><strong>Ptol.</strong></span> <span class='ocrx_word' id='word_1_243' title='bbox 1188 3429 1222 3493; x_wconf 91' lang='grc'><strong>5,</strong></span> <span class='ocrx_word' id='word_1_244' title='bbox 1241 3433 1278 3495; x_wconf 83' lang='grc'><strong>9.</strong></span> 
     </span>
     <span class='ocr_line' id='line_1_31' title="bbox 236 3515 1279 3600; baseline 0.002 -22"><span class='ocrx_word' id='word_1_245' title='bbox 236 3515 442 3598; x_wconf 83' lang='lat' dir='ltr'><strong>Cognomina</strong></span> <span class='ocrx_word' id='word_1_246' title='bbox 468 3518 625 3598; x_wconf 86' lang='lat' dir='ltr'><strong>oppidum</strong></span> <span class='ocrx_word' id='word_1_247' title='bbox 652 3515 714 3578; x_wconf 83' lang='lat' dir='ltr'><strong>fuit</strong></span> <span class='ocrx_word' id='word_1_248' title='bbox 736 3535 836 3600; x_wconf 85' lang='lat' dir='ltr'><strong>prope</strong></span> <span class='ocrx_word' id='word_1_249' title='bbox 858 3518 1112 3599; x_wconf 82' lang='lat' dir='ltr'><strong>Trapezuntem.</strong></span> <span class='ocrx_word' id='word_1_250' title='bbox 1144 3517 1279 3599; x_wconf 85' lang='lat' dir='ltr'><strong>dequo</strong></span> 
     </span>
     <span class='ocr_line' id='line_1_32' title="bbox 235 3616 718 3700; baseline -0.002 -19"><span class='ocrx_word' id='word_1_251' title='bbox 235 3617 349 3681; x_wconf 82' lang='lat' dir='ltr'><strong>Strabo</strong></span> <span class='ocrx_word' id='word_1_252' title='bbox 369 3633 423 3681; x_wconf 81' lang='lat' dir='ltr'><strong>ro.</strong></span> <span class='ocrx_word' id='word_1_253' title='bbox 441 3639 473 3700; x_wconf 88' lang='lat' dir='ltr'><strong>p.</strong></span> <span class='ocrx_word' id='word_1_254' title='bbox 493 3629 576 3698; x_wconf 64' lang='lat'><strong>3723.</strong></span> <span class='ocrx_word' id='word_1_255' title='bbox 595 3616 616 3679; x_wconf 89' lang='lat' dir='ltr'><strong>l.</strong></span> <span class='ocrx_word' id='word_1_256' title='bbox 635 3628 718 3698; x_wconf 76' lang='lat'><strong>548.</strong></span> 
     </span>
    </p>

    <p class='ocr_par' dir='ltr' id='par_1_6' title="bbox 116 3712 1282 4212">
     <span class='ocr_line' id='line_1_33' title="bbox 116 3712 1280 3802; baseline 0.002 -21"><span class='ocrx_word' id='word_1_257' title='bbox 116 3712 118 3717; x_wconf 74' lang='grc'><strong>’</strong></span> <span class='ocrx_word' id='word_1_258' title='bbox 317 3719 472 3802; x_wconf 80' lang='lat' dir='ltr'><strong>Cepoe)</strong></span> <span class='ocrx_word' id='word_1_259' title='bbox 524 3723 562 3780; x_wconf 89' lang='lat' dir='ltr'><strong>ln</strong></span> <span class='ocrx_word' id='word_1_260' title='bbox 590 3738 726 3782; x_wconf 86' lang='lat' dir='ltr'><strong>numero</strong></span> <span class='ocrx_word' id='word_1_261' title='bbox 751 3719 876 3781; x_wconf 81' lang='lat' dir='ltr'><strong>variant</strong></span> <span class='ocrx_word' id='word_1_262' title='bbox 901 3718 1023 3783; x_wconf 86' lang='lat' dir='ltr'><strong>Graeci.</strong></span> <span class='ocrx_word' id='word_1_263' title='bbox 1061 3720 1221 3800; x_wconf 81' lang='lat' dir='ltr'><strong>Scyrnnna</strong></span> <span class='ocrx_word' id='word_1_264' title='bbox 1243 3721 1280 3783; x_wconf 87' lang='lat' dir='ltr'><strong>in</strong></span> 
     </span>
     <span class='ocr_line' id='line_1_34' title="bbox 237 3817 1281 3906; baseline 0.004 -24"><span class='ocrx_word' id='word_1_265' title='bbox 237 3817 352 3904; x_wconf 74' lang='lat' dir='ltr'><strong>fragm.</strong></span> <span class='ocrx_word' id='word_1_266' title='bbox 369 3842 401 3884; x_wconf 88' lang='lat' dir='ltr'><strong>v.</strong></span> <span class='ocrx_word' id='word_1_267' title='bbox 416 3834 496 3899; x_wconf 85' lang='lat'><strong>151.</strong></span> <span class='ocrx_word' id='word_1_268' title='bbox 513 3823 641 3906; x_wconf 73' lang='grc' dir='ltr'><strong>Ιίἧπος,</strong></span> <span class='ocrx_word' id='word_1_269' title='bbox 667 3820 728 3891; x_wconf 82' lang='lat' dir='ltr'><strong>led,</strong></span> <span class='ocrx_word' id='word_1_270' title='bbox 750 3824 805 3904; x_wconf 87' lang='lat' dir='ltr'><strong>qui</strong></span> <span class='ocrx_word' id='word_1_271' title='bbox 818 3841 893 3884; x_wconf 89' lang='lat' dir='ltr'><strong>eum</strong></span> <span class='ocrx_word' id='word_1_272' title='bbox 906 3819 1074 3906; x_wconf 73' lang='lat' dir='ltr'><strong>exscripsit,</strong></span> <span class='ocrx_word' id='word_1_273' title='bbox 1096 3839 1281 3900; x_wconf 71' lang='lat' dir='ltr'><strong>anonymo·</strong></span> 
     </span>
     <span class='ocr_line' id='line_1_35' title="bbox 239 3921 1280 4006; baseline 0.004 -24"><span class='ocrx_word' id='word_1_274' title='bbox 239 3922 275 3985; x_wconf 91' lang='lat' dir='ltr'><strong>in</strong></span> <span class='ocrx_word' id='word_1_275' title='bbox 288 3924 410 4004; x_wconf 83' lang='lat' dir='ltr'><strong>periplo</strong></span> <span class='ocrx_word' id='word_1_276' title='bbox 424 3924 519 3985; x_wconf 84' lang='lat' dir='ltr'><strong>Ponti</strong></span> <span class='ocrx_word' id='word_1_277' title='bbox 537 3944 568 4004; x_wconf 88' lang='lat' dir='ltr'><strong>p.</strong></span> <span class='ocrx_word' id='word_1_278' title='bbox 588 3941 622 3987; x_wconf 81' lang='lat' dir='ltr'><strong>n.</strong></span> <span class='ocrx_word' id='word_1_279' title='bbox 640 3921 740 3985; x_wconf 87' lang='lat' dir='ltr'><strong>lludl.</strong></span> <span class='ocrx_word' id='word_1_280' title='bbox 763 3922 860 3985; x_wconf 84' lang='lat' dir='ltr'><strong>habet</strong></span> <span class='ocrx_word' id='word_1_281' title='bbox 873 3924 992 4006; x_wconf 67' lang='lat' dir='ltr'><strong>Kainon.</strong></span> <span class='ocrx_word' id='word_1_282' title='bbox 1032 3923 1159 3986; x_wconf 85' lang='lat' dir='ltr'><strong>Eodem</strong></span> <span class='ocrx_word' id='word_1_283' title='bbox 1178 3924 1280 3988; x_wconf 77' lang='lat' dir='ltr'><strong>morlo</strong></span> 
     </span>
     <span class='ocr_line' id='line_1_36' title="bbox 239 4022 1281 4109; baseline 0 -22"><span class='ocrx_word' id='word_1_284' title='bbox 239 4024 352 4108; x_wconf 71' lang='grc' dir='ltr'><strong>Ιίἧπος</strong></span> <span class='ocrx_word' id='word_1_285' title='bbox 373 4025 495 4108; x_wconf 80' lang='lat' dir='ltr'><strong>adlegat</strong></span> <span class='ocrx_word' id='word_1_286' title='bbox 517 4026 744 4108; x_wconf 79' lang='lat' dir='ltr'><strong>Harpocration</strong></span> <span class='ocrx_word' id='word_1_287' title='bbox 767 4044 806 4088; x_wconf 86' lang='lat' dir='ltr'><strong>ex</strong></span> <span class='ocrx_word' id='word_1_288' title='bbox 827 4022 982 4088; x_wconf 74' lang='lat' dir='ltr'><strong>Aeschine</strong></span> <span class='ocrx_word' id='word_1_289' title='bbox 1004 4023 1058 4109; x_wconf 91' lang='lat' dir='ltr'><strong>(in</strong></span> <span class='ocrx_word' id='word_1_290' title='bbox 1077 4023 1281 4107; x_wconf 68' lang='lat' dir='ltr'><strong>ctesiphont.</strong></span> 
     </span>
     <span class='ocr_line' id='line_1_37' title="bbox 240 4125 1282 4212; baseline -0.001 -21"><span class='ocrx_word' id='word_1_291' title='bbox 240 4147 272 4210; x_wconf 83' lang='lat' dir='ltr'><strong>p.</strong></span> <span class='ocrx_word' id='word_1_292' title='bbox 291 4127 376 4203; x_wconf 79' lang='lat'><strong>562.</strong></span> <span class='ocrx_word' id='word_1_293' title='bbox 389 4125 524 4206; x_wconf 79' lang='lat' dir='ltr'><strong>Reisk.)</strong></span> <span class='ocrx_word' id='word_1_294' title='bbox 550 4128 607 4188; x_wconf 89' lang='lat' dir='ltr'><strong>ubi</strong></span> <span class='ocrx_word' id='word_1_295' title='bbox 630 4140 737 4188; x_wconf 88' lang='lat' dir='ltr'><strong>tamen</strong></span> <span class='ocrx_word' id='word_1_296' title='bbox 759 4125 869 4212; x_wconf 73' lang='lat' dir='ltr'><strong>ila&#39;jnor</strong></span> <span class='ocrx_word' id='word_1_297' title='bbox 891 4126 991 4189; x_wconf 88' lang='lat' dir='ltr'><strong>hodie</strong></span> <span class='ocrx_word' id='word_1_298' title='bbox 1011 4125 1119 4191; x_wconf 81' lang='lat' dir='ltr'><strong>exllat.</strong></span> <span class='ocrx_word' id='word_1_299' title='bbox 1169 4125 1282 4211; x_wconf 68' lang='lat' dir='ltr'><strong>llijoeot</strong></span> 
     </span>
    </p>

    <p class='ocr_par' dir='ltr' id='par_1_7' title="bbox 77 4225 1282 4392">
     <span class='ocr_line' id='line_1_38' title="bbox 77 4225 1282 4392; baseline 0 -99"><span class='ocrx_word' id='word_1_300' title='bbox 77 4268 164 4392; x_wconf 41' lang='lat' dir='ltr'>x</span> <span class='ocrx_word' id='word_1_301' title='bbox 241 4229 339 4293; x_wconf 80' lang='lat' dir='ltr'><strong>etiarn</strong></span> <span class='ocrx_word' id='word_1_302' title='bbox 364 4227 460 4292; x_wconf 83' lang='lat' dir='ltr'><strong>habet</strong></span> <span class='ocrx_word' id='word_1_303' title='bbox 477 4227 587 4309; x_wconf 80' lang='lat' dir='ltr'><strong>Scylax</strong></span> <span class='ocrx_word' id='word_1_304' title='bbox 609 4249 642 4313; x_wconf 83' lang='lat' dir='ltr'><strong>p.</strong></span> <span class='ocrx_word' id='word_1_305' title='bbox 660 4241 720 4309; x_wconf 68' lang='grc' dir='ltr'><strong>ει.</strong></span> <span class='ocrx_word' id='word_1_306' title='bbox 739 4227 839 4293; x_wconf 81' lang='lat' dir='ltr'><strong>lindi.</strong></span> <span class='ocrx_word' id='word_1_307' title='bbox 873 4240 910 4289; x_wconf 89' lang='lat' dir='ltr'><strong>nt</strong></span> <span class='ocrx_word' id='word_1_308' title='bbox 934 4228 1008 4291; x_wconf 88' lang='lat' dir='ltr'><strong>libri</strong></span> <span class='ocrx_word' id='word_1_309' title='bbox 1024 4225 1129 4313; x_wconf 76' lang='lat' dir='ltr'><strong>scripti</strong></span> <span class='ocrx_word' id='word_1_310' title='bbox 1145 4228 1282 4295; x_wconf 70' lang='lat' dir='ltr'><strong>instra·</strong></span> 
     </span>
    </p>
   </div>
   <div class='ocr_carea' id='block_1_3' title="bbox 0 0 1358 4702">
    <p class='ocr_par' dir='ltr' id='par_1_8' title="bbox 0 0 1358 4702">
     <span class='ocr_line' id='line_1_39' title="bbox 0 0 1358 4702; baseline 0 0"><span class='ocrx_word' id='word_1_311' title='bbox 0 0 1358 4702; x_wconf 95' lang='lat' dir='ltr'><strong> </strong></span> 
     </span>
    </p>
   </div>
  </div>
 </body>
</html>
