2634 4716
1308 39 1312 257 l

227 380 271 460 64
498 380 662 444 Nocte
703 385 1005 443 cxcorrtcrc
1238 390 1242 397 ·
1309 274 1312 441 i

228 568 317 620 totue
335 556 425 621 tocur
442 556 483 622 tle
497 553 601 622 sorma
615 557 717 631 Alite,
734 522 918 621 artificiosus
934 572 968 619 et
984 556 1108 629 sulttllie
1123 560 1180 625 esl.
1216 562 1276 627 De·
1310 596 1312 603 ·

231 657 339 721 scribit
362 661 451 722 enim
474 679 493 722 o
519 660 596 723 Nilo
629 661 669 724 etl
703 661 840 723 Tanaim
873 660 957 723 unus
983 673 1016 723 et
1040 666 1274 745 promontorii.

231 761 382 841 Porrigit
402 761 510 833 litora,
537 782 638 844 quum
653 764 734 825 iecet
754 765 916 843 utrimque
932 762 1046 847 pelago
1064 762 1275 831 submovente
1310 766 1312 807 ¹

230 864 328 925 latere
343 874 376 924 et
391 863 615 947 disiungeutet
630 861 679 956 fit
692 866 833 929 venienti
843 863 982 937 obviam,
1005 885 1108 946 quum
1124 865 1213 931 tnui
1227 880 1275 931 uu

230 966 454 1050 promontoria
468 963 554 1029 fecit.
581 985 714 1030 tooure.

307 1166 533 1251 incurvat)
582 1172 666 1252 Apte
686 1183 721 1232 et
744 1170 784 1231 erl
808 1168 951 1245 sensum.
985 1170 1036 1234 uti
1058 1167 1142 1235 solet
1161 1169 1273 1244 noster,
1309 1186 1312 1275 p

227 1270 390 1356 poeticam
402 1267 540 1333 sormam
560 1271 723 1345 imitatur,
747 1292 806 1355 pro
821 1270 895 1335 fecit
911 1273 1083 1338 ambitum.

298 1462 482 1564 fronte)
532 1475 636 1561 Igitur
663 1474 722 1537 ubi
744 1477 830 1539 latur
854 1490 963 1541 contre
988 1476 1158 1539 obiectum
1193 1495 1272 1539 mere

229 1587 265 1639 et
293 1573 417 1639 diverse
449 1573 673 1662 progressione·
699 1577 846 1640 ochum.
897 1581 951 1642 Sic
972 1569 1120 1669 diversas
1140 1564 1272 1667 frontet

229 1674 401 1758 Hispaniae
417 1676 471 1739 dat
493 1700 522 1749 ι,
540 1693 574 1757 3,
592 1692 626 1757 5.
664 1679 773 1740 Lotus
792 1692 918 1760 poteret
938 1681 1053 1749 dicere,
1079 1693 1112 1740 at
1126 1668 1272 1769 frontem

228 1777 408 1863 praetulisse
438 1779 566 1841 videtur
593 1793 729 1863 propter·
751 1781 933 1864 longiorem
956 1778 1198 1853 extensionem.
1230 1781 1273 1843 oti
1310 1770 1312 1785 '

228 1892 339 1943 eontra
356 1880 530 1942 Ponticum
547 1883 640 1946 latur.
675 1880 761 1965 Quia
776 1900 854 1943 vero
868 1883 901 1942 iu
915 1880 1095 1945 definienda
1113 1881 1176 1943 hec
1191 1897 1272 1967 perte

229 1980 270 2045 ecl
293 1978 541 2062 Hellespontum
568 1982 715 2049 lubfitlit.
749 2000 824 2043 cum
851 1983 1104 2065 prope‘Carirm
1128 1984 1211 2047 lituo
1231 1985 1290 2045 in·

227 2080 390 2152 flectetur,
417 2083 561 2149 extendit
577 2085 710 2147 omnino
726 2083 766 2145 de
785 2084 884 2168 longo
903 2097 1001 2146 tractu
1017 2098 1051 2146 et
1065 2084 1176 2147 latiori
1190 2082 1271 2149 sensu

227 2183 345 2269 posult.
400 2182 528 2267 Nempe
547 2186 590 2249 sic
609 2187 651 2249 ecl
664 2186 791 2249 Troerle
805 2205 906 2268 oeque
924 2186 1080 2269 procedit,
1106 2198 1145 2247 ut
1162 2184 1271 2251 diserte

227 2285 334 2352 solbit
358 2289 389 2367 ς.
414 2286 446 2350 6.

304 2480 698 2583 Hellesponfr'cum)
751 2488 822 2555 virt.
842 2490 878 2553 in
900 2489 989 2554 notit
1008 2489 1127 2555 criticis
1142 2490 1269 2557 adut

306 2685 536 2785 errorores
534 2717 554 2756 o
580 2692 788 2776 margine)
839 2694 971 2757 Leniter
984 2692 1102 2758 reflexo
1123 2695 1221 2761 litore
1236 2694 1271 2759 rb

226 2815 268 2861 eo
289 2797 429 2881 rogulo,
460 2799 516 2878 qui
538 2794 621 2857 infre
636 2796 828 2860 Colchidem
851 2796 894 2857 ell
912 2797 951 2857 ad
973 2817 1073 2877 oeque
1093 2796 1270 2881 Bosponrm

226 2900 457 2965 Cimmerium.
482 2910 673 2961 ventruvt·
726 2897 881 2977 Margine
899 2896 1005 2979 posuit
1023 2917 1082 2979 pro
1104 2899 1212 2972 litore,
1236 2910 1270 2961 ut

224 3005 261 3063 in
276 2996 429 3084 Hispania
445 3015 479 3081 5,
502 3020 531 3071 t.
547 3010 581 3076 7.
605 3014 639 3061 et
658 2988 843 3089 transverso
859 3018 918 3083 pro
934 2998 1077 3081 obliquo.
1130 2998 1219 3065 Nem
1232 3000 1269 3061 tle

226 3103 290 3166 hoc
312 3104 403 3164 aditu
428 3101 604 3165 Maeotidis
625 3100 667 3163 sic
689 3100 795 3162 scribit
818 3118 846 3163 c.
873 3117 928 3180 ¹9·
956 3123 968 3160 t
977 3112 1011 3178 5.
1043 3097 1173 3185 obliquo
1197 3112 1267 3163 rnre

227 3213 314 3287 regio
332 3218 365 3267 et
385 3206 420 3266 in
443 3203 548 3266 sotum
565 3201 685 3265 modice
700 3216 828 3282 potrus,
856 3203 939 3263 iuter
951 3202 1091 3264 Pontum
1104 3202 1266 3264 Paludem·

224 3326 286 3393 pue
305 3306 351 3369 od
371 3297 552 3398 Bosporum
573 3306 725 3366 excurrit.
764 3321 970 3366 ereccourvr.
1034 3302 1263 3387 Nempe'lioer

226 3411 355 3492 obliqua
377 3409 442 3479 illi,
476 3426 572 3491 quem
586 3408 621 3466 in
639 3405 707 3467 Asu
726 3405 818 3468 litore
840 3403 1020 3488 supposuit,
1044 3425 1063 3468 e
1078 3407 1217 3470 meridie
1233 3405 1262 3465 io

226 3509 508 3594 septemtrionem
541 3528 629 3570 nunc
651 3508 793 3590 opposita
817 3506 936 3568 lineam
955 3507 994 3568 ab
1016 3510 1144 3569 oriente
1166 3502 1262 3571 versut

224 3614 427 3679 occinentem
450 3611 599 3679 exhibet,
639 3612 734 3693 plane
757 3622 796 3669 ut
822 3610 857 3669 iu
887 3609 992 3671 charta
1013 3606 1159 3693 agnoscit
1180 3610 1261 3693 lure·

227 3717 307 3783 nolio
330 3710 383 3802 [6,
399 3710 512 3801 435.]
534 3712 622 3797 longi
639 3712 746 3792 relegit
764 3701 951 3801 transverso
968 3710 1090 3779 illumi.
1117 3730 1199 3794 quae
1216 3706 1260 3771 sel·

228 3822 301 3883 licet
317 3819 351 3878 iu
370 3819 514 3901 margine
532 3833 589 3896 per
602 3815 694 3876 aliter
709 3814 837 3873 ductam
858 3812 976 3874 lineam
991 3812 1155 3875 interdum
1171 3810 1260 3875 solent

228 3921 312 3985 edili.
348 3939 372 3982 1.
398 3934 599 3980 ououovrce
615 3915 691 3977 MS.
742 3916 932 3997 lliecrepant
948 3915 1001 3975 hic
1017 3916 1156 3977 omuino
1176 3917 1259 3976 inter·

230 4037 335 4107 preter
359 4024 393 4082 in
418 4019 643 4082 constituendo
668 4018 763 4080 initio
789 4017 955 4078 transversi
979 4016 1132 4100 marginis
1152 4030 1186 4079 et
1206 4008 1258 4097 ipse

230 4127 334 4188 lineae
355 4124 425 4188 elue
444 4115 675 4209 progressione.
721 4118 751 4180 Τ
748 4109 933 4209 roustmsus
947 4118 1140 4206 intelligitur
1158 4113 1258 4187 ex'i'to
1310 4108 1312 4115 ¹
