2634 4716
253 372 468 481 ru'rotrr.
494 395 606 483 runt.
645 393 727 451 ω
769 372 917 457 cxuc
950 393 1049 470 ιιι.
1119 390 1193 477 009,

134 567 222 631 unde
236 568 369 655 elucet..
385 567 450 630 iem
468 568 723 655 Argonautarum
740 580 886 650 tempore
906 564 1029 631 lletille.
1081 564 1182 652 Quod

134 666 231 751 licit.
256 668 397 743 condere,
424 683 461 731 ut
478 669 672 758 Graecorum
694 667 824 758 κτίζειν.
848 667 936 732 lenlu
957 668 1062 732 latiori
1082 669 1180 733 volet.

132 770 175 836 At
194 784 317 854 praeter
337 760 533 835 Nicanorem
553 793 651 836 uerno
670 775 765 834 norit
781 791 852 835 eam
869 772 1012 835 nominie
1028 771 1180 834 mutatio·

132 892 228 947 nem.
258 858 561 961 inmusteph'rnue
581 873 821 938 Dioscuriadem
845 893 920 936 cum
941 875 1012 936 aliie
1034 872 1074 934 etl
1092 873 1181 944 Pon·,

90 1038 95 1045 ,
131 984 205 1037 tum
231 976 344 1059 ponit,
386 976 486 1040 Aeam
520 990 628 1051 putem
662 976 740 1041 iude
777 991 850 1054 3⁰⁰
884 974 987 1039 lladiie
1018 987 1178 1047 removet,

136 1087 193 1155 15.
211 1076 259 1139 M.
275 1077 312 1141 P.
336 1090 369 1141 et
387 1077 466 1139 hinc
480 1077 617 1141 dimidio
635 1076 733 1161 [patio
750 1079 878 1147 minuo.
902 1079 1102 1157 omninoque
1124 1094 1178 1139 ve·

131 1177 216 1250 riue.
240 1179 264 1241 li
284 1178 508 1243 Ptolemaeum
524 1192 558 1257 5.
583 1200 637 1244 ιο.
663 1200 703 1243 ex
721 1180 832 1243 codice
846 1179 1011 1248 Palatino,
1035 1180 1092 1260 qui
1115 1194 1178 1259 pro

130 1274 297 1357 Θιαῖιιολις
326 1277 429 1345 adfert
455 1270 520 1343 tia
545 1275 651 1358 πόλις.
705 1280 855 1345 Succedit
880 1299 1001 1345 nomen
1035 1276 1178 1369 &bruslo-

129 1380 229 1465 poiir.
261 1382 348 1466 quud
368 1378 565 1445 Diolcotirdi
587 1384 718 1466 quidam
738 1382 903 1453 tribuunt.
937 1395 975 1444 ut
995 1381 1117 1445 Arrian.
1142 1400 1177 1463 p.

131 1500 178 1545 m.
201 1500 257 1547 ιι.
272 1497 306 1545 et
320 1494 375 1562 13.
400 1478 539 1552 Ptole'm.
556 1496 589 1562 5,
611 1474 668 1550 ro.
693 1483 747 1571 (ex
765 1485 837 1547 cod.
854 1481 969 1568 Polat.)
994 1481 1178 1564 Stephauue

130 1578 154 1647 s.
170 1604 204 1649 v.
225 1577 449 1674 Διοσκουριᾰς.
494 1584 617 1650 Diserte
631 1600 739 1649 tomen
757 1600 923 1669 utrumque
939 1584 1052 1646 urbem
1069 1581 1178 1645 dillin-

129 1676 203 1771 guit
221 1684 306 1749 Plin.
323 1685 357 1757 6,
373 1694 408 1769 4.
422 1696 456 1749 et
471 1697 505 1765 5.
533 1700 567 1749 et
585 1688 778 1751 Ammianue
794 1702 853 1760 00,
874 1699 908 1766 8.
935 1682 1177 1747 Dioscuriadem
1254 1732 1257 1737 -

129 1783 183 1849 lue
202 1787 299 1849 etiem
320 1800 421 1851 aetate
438 1786 549 1851 notem
571 1786 660 1852 luiffe
675 1791 838 1862 adfirmat3
871 1789 958 1870 quod
981 1785 1115 1869 quidem
1134 1784 1176 1848 de

129 1884 249 1950 fervete
268 1889 412 1950 nominie
437 1886 529 1969 prisci
553 1890 710 1952 memoria
738 1890 842 1951 valere
864 1884 976 1970 point,
1008 1888 1032 1948 li
1053 1886 1176 1968 reliquit

130 1987 173 2050 de
197 1986 256 2047 situ
280 2001 472 2073 congruunt.
523 1988 649 2051 Plinius
672 2002 781 2051 autem
805 1986 1037 2071 sebastopolim
1063 1987 1177 2048 tribuit
1241 1981 1249 1991 '

129 2088 260 2159 Abfilis,
293 2088 504 2173 Sannigarum
531 2088 663 2159 vicinio,
698 2091 733 2149 in
759 2089 877 2171 quibue
906 2089 1002 2150 etiam
1036 2087 1176 2150 ollendit

129 2191 253 2253 Atrion.
272 2209 304 2272 p.
321 2204 376 2254 ια.
403 2190 554 2252 Attamen
566 2190 690 2253 Plinius
702 2174 735 2261 6,
752 2202 787 2267 5.
804 2192 847 2253 ἱιο
860 2189 971 2251 habet:
997 2209 1019 2249 a
1035 2179 1176 2279 Dioscuv

132 2292 222 2355 riade
238 2290 390 2372 oppidum
399 2289 587 2354 Heracleum
593 2313 607 2365 ,·
632 2290 731 2385 ἅψαι
747 2314 768 2352 a
784 2288 980 2383 Sebastopoli
995 2303 1053 2363 70.
1065 2290 1116 2353 Μ.
1129 2291 1174 2355 P.

131 2413 211 2477 quae
235 2389 365 2455 obscure
392 2392 474 2455 dictu
496 2394 535 2455 ud
557 2394 761 2455 intervallum
782 2394 865 2455 inter
888 2388 1126 2455 Dioscuriadem
1141 2404 1175 2455 ct

133 2486 364 2577 Sebastopolim
378 2490 488 2556 referri
497 2495 587 2557 nullo
600 2495 700 2557 morlo
711 2494 829 2555 iudicat
840 2493 993 2557 Celleriuu
1007 2495 1041 2553 in
1052 2492 1169 2577 Geogr.

132 2609 199 2660 ant.
211 2610 243 2676 3.
255 2613 289 2674 9.
306 2612 361 2668 17.
382 2592 439 2655 ubi
455 2597 496 2657 de
511 2596 575 2657 hoc
585 2595 714 2658 dissidio
729 2596 896 2677 disquiri13
913 2592 1005 2656 bidui
1020 2595 1109 2654 enim
1124 2594 1174 2654 iti-

131 2716 209 2761 nere
227 2695 457 2779 Sebastopolim
477 2716 494 2759 0
511 2696 666 2778 Pityunte
688 2696 848 2759 removeri
863 2717 880 2759 0
895 2697 1054 2778 Procopio
1072 2694 1112 2757 de
1131 2694 1172 2758 B.

133 2797 234 2862 Goth.
256 2807 291 2877 4,
314 2808 349 2880 4.
373 2799 418 2861 in.
452 2798 539 2882 quod
563 2796 678 2861 officiat
698 2800 822 2861 circiter
844 2808 892 2879 45
912 2796 960 2861 lii.
980 2797 1018 2860 l’.
1051 2797 1175 2879 inquo

131 2896 332 2965 consentiant
352 2898 392 2960 de
412 2899 582 2964 intervallo
598 2888 809 2963 Dioscortadie
830 2913 863 2962 et
880 2899 1047 2979 l’ityu'ntic
1060 2898 1174 2960 Strabo

130 3014 166 3066 et
183 3002 342 3064 Arrianae.
381 3000 532 3065 Mannert
552 3000 688 3086 (Geogr.
707 3003 806 3064 Tom.
820 3009 855 3078 4.
879 3021 910 3083 p.
926 3008 973 3082 40
979 3004 1031 3076 5.)
1061 3001 1104 3060 ite
1123 3018 1175 3062 cx·

131 3104 239 3189 pedit,
280 3114 319 3163 ut
348 3101 491 3164 Plinium
522 3122 644 3166 nomen
668 3104 829 3185 antiquiue
855 3115 889 3164 et
914 3102 1072 3163 recentius
1099 3118 1173 3161 con·

133 3199 287 3267 iunxerit.
332 3202 428 3266 Forte
449 3204 490 3267 iic
510 3203 648 3290 intelligi
675 3204 785 3287 potest.
823 3202 947 3273 Pliniue
964 3202 997 3271 6.
1020 3212 1055 3281 4.
1081 3198 1177 3263 Sebr-

132 3306 284 3388 llopolim
300 3302 460 3367 'uPhuiide
474 3318 623 3368 removet
643 3325 710 3368 ιοο
730 3304 777 3367 Μ.
790 3305 828 3371 1’.
851 3303 1001 3366 Arrienue
1016 3324 1049 3386 p.
1059 3322 1104 3365 m.
1120 3321 1175 3368 to.

134 3406 293 3493 fifingulr
306 3420 485 3489 computet.
510 3418 582 3485 800
600 3406 701 3469 iiadile
722 3407 743 3469 i.
767 3426 796 3468 c.
824 3424 890 3470 tot
911 3402 958 3475 M.
975 3403 1012 3468 P.
1047 3396 1178 3467 Diuico·

132 3508 256 3571 riadem
277 3525 357 3570 vero
373 3507 485 3569 Strabo
508 3508 580 3572 600
598 3508 711 3572 lladlie.
752 3506 874 3568 Plinius
890 3507 923 3577 6,
947 3518 980 3583 5.
1004 3503 1054 3567 lua
1076 3518 1177 3567 aetate

134 3608 290 3675 desertum
306 3607 421 3673 urbem
443 3606 532 3672 inille
552 3610 647 3681 dicit,
673 3608 760 3671 unde
780 3605 906 3670 loriitrn
930 3608 964 3669 in
981 3608 1050 3671 eiue
1066 3608 1178 3670 locum

135 3706 278 3801 lucceffit
300 3711 407 3773 vicina
426 3709 654 3794 sebastopolis,
685 3710 773 3794 quod
795 3723 828 3773 et
850 3711 890 3772 de
913 3709 983 3771 aliie
1006 3707 1046 3771 fic
1066 3703 1179 3792 paffim

134 3828 286 3877 notatum
307 3811 366 3884 eli,
396 3815 445 3875 uti
461 3828 494 3875 et
511 3814 646 3876 crudem
666 3810 895 3893 sebastopolim
918 3810 1077 3873 cellellum
1093 3819 1180 3892 repa·

135 3927 234 3978 ratem
257 3913 327 3999 poll
346 3916 430 3976 etin
447 3914 561 3977 urbem
581 3929 725 3978 evectum
748 3934 765 3974 0
787 3911 957 3975 luliinituo
982 3907 1070 3974 fuisse
1090 3911 1182 3975 adfir-

135 4034 205 4081 met
224 4015 362 4099 Procop.
385 4019 425 4080 de
447 4013 543 4080 aedil.
566 4026 602 4097 4.
626 4036 660 4098 7.
719 4014 874 4078 Ceterum
895 4011 1074 4077 Diolcoriee
1101 4012 1182 4077 edeo
1285 4028 1291 4043 “

138 4120 220 4185 olim
235 4118 314 4181 clara
330 4115 401 4190 fuit,
428 4132 467 4182 ut
485 4117 721 4190 Timosthenee‚
751 4116 827 4180 telle
848 4115 966 4187 Plinio,
993 4130 1065 4192 3⁰⁰
1082 4115 1183 4179 natio·

139 4241 199 4289 nee
212 4218 415 4289 minuitur
430 4222 548 4313 linguis
562 4222 600 4289 in
613 4240 686 4293 eun
699 4216 890 4287 deluendille
904 4215 1094 4309 prodiderit.
1129 4211 1183 4291 Cf.
