2634 4716
266 366 320 425 art
348 364 494 437 rome,
519 312 627 422 rar-ar.
666 363 747 422 ca.
788 359 922 422 cxm
963 362 1046 438 aa
1115 357 1193 448 667Ι

132 554 237 625 autea.
282 539 351 601 alta
373 539 529 602 adiectiva
551 533 692 600 recenset
712 534 908 619 Stephanua,
939 538 994 619 qui
1018 534 1115 599 etiarn
1135 536 1177 601 de

125 643 277 708 mominis
293 638 379 703 causa
394 642 433 703 ab
455 639 561 703 Astaco
577 622 726 721 exponit,
755 656 892 721 quocum
907 637 993 702 cons.
1018 637 1179 704 Memnon

133 762 204 828 cap.
224 759 283 806 21.
305 744 388 825 apud
410 742 567 805 Photium
588 761 620 823 p.
636 755 720 814 722.
751 740 808 822 qni
828 743 926 801 etiam
943 738 1177 823 Megarensium

132 864 208 908 cum
228 843 311 906 Mela
328 845 489 906 coloniam
506 841 589 905 sarit.
616 839 826 924 Atheniensee
844 839 943 904 societ
959 841 1048 904 addit
1062 839 1176 904 Strabo

140 962 197 1008 ae.
222 966 255 1027 p.
271 943 492 1023 388.s.563.
543 944 769 1014 Additirlem,
803 942 1069 1007 insiemasseeam
1091 944 1177 1007 Doe-
1275 985 1278 998 ·

134 1045 274 1116 dalsum,
307 1045 486 1108 destruxisse
512 1044 747 1125 Lysimachum.
796 1044 957 1111 Memnon
977 1065 1005 1108 c.
1029 1045 1051 1107 1.
1080 1044 1177 1108 atha·

133 1147 269 1219 niensea,
300 1147 376 1236 post¹
393 1144 594 1231 Megarenses
617 1144 671 1206 sub
695 1143 834 1226 Dydalso
858 1144 937 1230 (sac)
959 1147 1122 1210 incoluisse
1144 1157 1178 1209 et
1256 1128 1258 1142 ¹

135 1263 209 1312 tum
227 1248 343 1331 opibue
355 1247 485 1311 crevisse
501 1247 616 1310 scribit.
653 1247 857 1329 Aliquantum
877 1249 995 1311 recedit
1010 1247 1178 1315 Pausaniae
1201 1250 1203 1253 ’

136 1361 172 1430 5,
194 1367 249 1421 ae,
266 1363 300 1428 5.
327 1352 381 1431 qui
398 1350 575 1432 Zypoeten,
596 1347 766 1419 Thracem,
790 1350 991 1412 conditorem
1008 1363 1176 1421 memorat,
1272 1404 1276 1409 .

134 1471 176 1539 aar
193 1450 321 1535 ipsoque
342 1452 477 1512 nomine
492 1435 607 1512 adstrui
627 1449 713 1534 posse
733 1463 833 1532 putat.
884 1452 1024 1533 Uterque
1044 1452 1177 1534 quidem

134 1536 171 1614 iri
193 1555 322 1638 regibue
335 1551 506 1632 Bithyniae
526 1553 652 1635 prodit,
679 1551 800 1633 dequo
816 1549 856 1614 cs.
871 1550 969 1616 Se'vin
987 1555 1021 1615 in
1037 1552 1176 1616 Memoi·

134 1673 187 1744 ree
203 1685 251 1700 -
273 1657 315 1714 de
332 1653 417 1715 Paria
432 1655 473 1715 T.
494 1663 545 1730 aa.
562 1676 594 1737 p.
604 1664 678 1734 439
690 1651 752 1735 sqq.
782 1652 832 1715 sed
848 1654 1051 1736 posteriorem
1068 1648 1176 1717 asiaco

134 1754 226 1817 tuiffa
250 1757 425 1839 Zypoetem
449 1754 470 1818 s.
493 1757 659 1839 Zipoetem
682 1754 753 1819 satie
774 1776 814 1817 ax
836 1755 1014 1819 Memnone
1035 1753 1176 1820 discitur.

133 1854 189 1919 Cf.
210 1856 283 1918 Liv.
307 1870 365 1933 38.
392 1857 447 1926 ¹6,
475 1867 530 1932 ¹8·
563 1870 596 1917 et
621 1856 668 1916 ibi
693 1870 814 1919 notate.
882 1857 945 1919 Sed
972 1844 1109 1919 condere
1142 1866 1184 1941 et*

137 1952 260 2041 κτίζειν
282 1956 377 2016 latim
395 1954 484 2037 saepe
497 1971 531 2018 et
548 1957 588 2017 de
603 1956 826 2018 instauratione
842 1954 1004 2021 dicuutur.
1039 1956 1176 2020 Gravior

136 2069 289 2118 movetur
314 2056 485 2137 dirputntio
515 2055 557 2117 ase
582 2055 746 2137 posteriori
779 2055 866 2116 urbia
899 2059 1049 2128 nomine,
1087 2056 1176 2139 quod

136 2157 363 2219 Nicomediam
384 2153 475 2218 fuisse
498 2155 593 2216 multi
612 2154 758 2224 tradunt,
783 2167 819 2215 ut
838 2154 950 2219 Strabo
973 2175 1000 2218 c.
1018 2157 1040 2220 l.
1066 2156 1176 2222 Pausa·

136 2260 207 2322 rtiae
222 2277 249 2318 c.
265 2258 287 2318 l.
312 2258 473 2318 Ammian.
487 2271 541 2324 re.
557 2264 591 2331 8.
617 2254 758 2320 Trebell.
767 2256 873 2319 Pollio
889 2258 921 2317 in
933 2257 1082 2319 Gallienie
1096 2259 1178 2322 duo·
1300 2329 1307 2349 -.

136 2357 197 2423 bue
217 2378 283 2441 cap.
299 2368 335 2436 4.
370 2355 524 2420 Eusebius
545 2377 595 2417 an.
615 2368 720 2433 ¹807·
774 2355 886 2418 Minue
908 2370 1013 2419 tamen
1036 2359 1068 2420 id
1089 2378 1179 2421 accu-

136 2475 203 2524 rate
220 2478 358 2542 vereque
374 2458 465 2529 tradi,
480 2458 638 2543 graviorea
652 2457 771 2521 docent
788 2456 888 2520 testea.
927 2458 974 2520 sta
989 2457 1102 2521 Strabo
1120 2478 1177 2528 ro.

136 2583 171 2647 p.
193 2563 276 2641 316.
293 2559 314 2623 s.
332 2571 419 2641 459.
443 2579 510 2622 non
533 2556 634 2620 solum
656 2558 801 2621 ameum
829 2577 928 2641 prope
948 2551 1177 2630 Nicomediam

138 2649 382 2734 commemorat,
413 2674 451 2743 ut
464 2638 624 2724 Mamuo'n
645 2679 664 2723 e
681 2661 813 2745 regione
833 2659 929 2722 Astaci
955 2660 1097 2742 positam,
1124 2659 1177 2727 sed

136 2766 221 2829 etin
243 2750 395 2847 superiori
413 2764 485 2826 loco
508 2763 604 2834 dicit,
637 2761 781 2824 Astacum
797 2782 816 2823 a
831 2761 1015 2840 Lysimacho
1037 2762 1179 2827 diruunt

136 2881 171 2931 et
187 2867 305 2930 incolae
322 2864 550 2929 Nicomediam
563 2865 722 2926 traductor
738 2861 809 2926 esse.
848 2863 1053 2942 Lysiutachua
1068 2858 1179 2929 autem

137 2970 275 3052 aequalia
289 2967 351 3028 suit
369 2968 543 3050 Zypoetae,
566 2984 631 3048 quo
648 2981 735 3048 patre
753 2962 825 3026 usua
840 2962 883 3026 est
899 2961 1092 3026 Nicomeden
1110 2964 1176 3030 ille.

137 3071 189 3135 Ex
218 3071 320 3132 deleta
347 3070 444 3152 igitur
467 3068 574 3130 tisiaco
598 3068 700 3128 crevit
724 3067 805 3139 circa
833 3064 925 3151 idem·
944 3076 1071 3145 tempua
1093 3066 1178 3141 dicta

117 3171 340 3240 -Nicomedia,
360 3190 439 3250 quae
456 3168 529 3230 urba
546 3166 840 3250 propterdeductoe
855 3163 1070 3228 eodstacenoe
1083 3176 1176 3230 antea

138 3269 252 3337 stetisse
269 3271 374 3334 debet.
413 3268 625 3333 Conditorem
641 3251 749 3331 tamen
765 3267 818 3328 alii
833 3264 951 3328 faciunt
969 3264 1178 3330 Nicomediae

139 3372 369 3443 Nicomedem,
395 3372 498 3433 veluti
522 3370 646 3441 Strabo,
674 3369 845 3438 Memnon,
871 3367 1063 3449 Stephanus.
1113 3367 1178 3431 Sed

138 3475 230 3560 plura
251 3472 292 3535 de
316 3473 378 3534 hoc
400 3469 543 3533 disseruit
566 3467 692 3533 Salmas.
716 3469 756 3531 erl
772 3469 952 3532 Pollionem
974 3488 1001 3531 c.
1025 3468 1049 3532 l.
1083 3467 1181 3532 etad
1263 3446 1270 3464 ’

139 3575 243 3655 satin.
266 3594 298 3656 p.
315 3595 359 3636 m.
376 3573 459 3649 617.
496 3571 590 3642 Mela,
616 3573 671 3655 qui
691 3570 835 3633 Astacum
857 3585 1019 3651 tamquam
1041 3569 1181 3653 supersti-

139 3690 208 3739 tem
242 3673 295 3738 suo
323 3689 468 3758 tempore
499 3673 665 3758 producit,
701 3671 756 3734 suo
789 3691 878 3735 more
910 3673 1038 3754 antiqua
1070 3668 1177 3736 resert.

139 3778 252 3842 Strabo
274 3777 363 3840 enim
383 3776 424 3836 de
446 3794 482 3837 ea
502 3776 581 3835 dicit
602 3759 659 3860 ἦν,
693 3772 818 3836 Pliniue
834 3764 922 3864 fuit.
988 3752 1182 3840 Posteriom

139 3882 237 3942 etiarn
255 3876 351 3939 solam
366 3877 419 3938 hic
431 3872 800 3946 habentNicomediam,
824 3888 860 3936 ut
874 3873 1038 3937 Hierocsee
1051 3895 1084 3957 p.
1094 3876 1181 3954 691.
1266 3922 1271 3937 .

139 3981 258 4065 Geogr.
274 3979 421 4043 Ravenn.
439 3990 472 4056 5,
489 3996 523 4059 9.
550 3977 614 4041 tab.
631 3968 781 4062 Peu'ting.
800 3988 835 4056 a.
851 3974 889 4040 G.
933 3974 1122 4039 Astacenum
1138 3990 1182 4038 ta·

138 4101 217 4148 men
234 4080 380 4193 sinuaret
393 4078 551 4155 tenuo,
572 4092 613 4145 ut
627 4077 865 4194 supradictam,
880 4092 1072 4189 mempranr.
1106 4076 1181 4143 Post
