2634 4716
180 413 240 470 'IN
267 412 407 473 rom.
437 412 545 471 MEL.
587 413 622 469 L.
644 414 668 468 1.
709 412 842 473 cvm.
884 412 961 484 Η.
1031 425 1100 495 etp

55 589 109 654 vel
131 585 172 651 eb
191 585 323 658 umbra,
350 605 446 668 quam
468 583 633 672 spargunt.
659 587 713 648 vel
735 604 752 648 a
775 587 866 668 pilie,
890 585 1009 668 quibus
1026 584 1101 650 sunt
1132 594 1135 611 ¹

57 702 218 755 contexta.
263 670 315 750 llli
337 684 495 770 (Kabyli)
516 688 650 772 magella
666 686 812 749 habitant
831 689 854 749 i.
871 706 900 751 e.
916 687 997 751 celae
1014 687 1036 752 s.
1053 702 1101 750 tu·

11 824 23 837 ·
55 794 145 878 gutia
165 792 256 859 limo,
282 790 447 861 arundine,
471 792 569 850 rumie
588 823 638 837 -
659 802 816 859 contorte,
842 810 924 871 quae
944 791 1102 873 adpellari·

55 909 109 955 tur
134 888 275 955 Gurbies.
329 889 380 954 Cf.
398 892 494 953 etiarn
510 889 621 951 Poiret
644 891 679 950 in
703 909 829 976 voyage
842 893 884 954 T.
906 911 920 972 t
928 934 938 954 .
957 891 1045 973 epist.
1070 912 1100 956 t.

55 1017 89 1079 p.
107 1007 167 1075 55.
200 994 256 1075 qui
278 989 375 1056 refert
395 995 501 1056 vocari
521 991 641 1054 ‹louuro
663 1004 697 1055 et
718 992 790 1077 loeo
811 990 900 1076 ieepe
923 994 1051 1056 moveri
1068 1009 1102 1056 et

55 1096 234 1159 transvehi.
347 1128 350 1133 ·

139 1244 291 1311 Victus
316 1237 461 1340 asper)
511 1247 657 1311 Alterum
680 1249 854 1331 explicatur
876 1232 932 1331 per
954 1249 1101 1313 alterum.

56 1350 144 1414 Nam
166 1368 207 1412 eo
233 1369 331 1429 utque
363 1348 508 1432 asperitas
532 1352 584 1412 illu
606 1353 712 1420 venit,
748 1365 786 1412 ut
809 1372 874 1413 non
897 1352 933 1413 stt
955 1351 1104 1413 instructa

62 1453 187 1514 ‹lecorie
207 1448 285 1512 velte
302 1463 336 1510 et
349 1451 426 1514 iusta
445 1451 652 1534 supellectile,
686 1453 777 1514 cuiue
793 1451 934 1534 respectu
951 1453 1103 1513 dixerunt

60 1552 197 1615 mundos
218 1552 361 1613 bontirtes
382 1566 415 1615 et
435 1554 646 1625 munditiam,
681 1567 719 1615 ut
741 1553 784 1616 ett
808 1555 890 1636 apud
912 1555 1044 1615 Sueton.
1067 1554 1102 1615 in
1145 1592 1149 1601 ·

60 1654 146 1716 lulio
164 1674 193 1718 c.
203 1654 268 1734 146.
307 1653 462 1736 Alioquin
482 1656 587 1717 victus
609 1645 701 1746 asper
714 1655 840 1716 videtur
861 1656 981 1736 aliquid
997 1669 1103 1716 trucu-

60 1756 184 1822 lentiue
205 1754 282 1826 elle,
319 1755 403 1837 quast
430 1757 516 1838 qnod
548 1754 762 1838 supponerent
779 1746 900 1848 spinas
926 1771 959 1818 et
984 1747 1105 1849 sentes.

59 1876 126 1943 quo
139 1852 229 1917 lenlu
244 1856 342 1919 etiam
355 1859 491 1919 occurrit
505 1859 591 1942 apud
600 1859 749 1920 Plautum
762 1861 798 1920 in
812 1859 940 1942 Captiv.
956 1878 985 1929 r.
998 1874 1031 1928 α,
1043 1869 1103 1937 85.

60 1952 136 2046 [lbi
158 1971 266 2021 temen
281 1952 371 2021 iocu'e
387 1958 521 2020 trahitur
536 1971 575 2021 e'x
591 1977 671 2022 voce
690 1950 797 2051 asper,
823 1962 871 2020 uti
886 1951 993 2050 strues
1016 1948 1106 2050 aspe-

59 2082 125 2122 rae.
157 2059 269 2144 virgil.
283 2053 533 2146 Aen.9.379.]
567 2061 630 2123 Sed
647 2060 681 2122 h.
697 2062 719 2125 l.
735 2081 803 2123 non
820 2075 920 2131 notet,
945 2063 1004 2121 nist
1020 2060 1105 2141 lque-

58 2163 178 2232 ntum,
200 2160 266 2223 fine
282 2161 348 2223 uno
365 2162 481 2224 nitore,
508 2180 533 2224 1.
556 2179 754 2225 erorum·
770 2162 847 2224 tus,
897 2164 947 2222 ux
962 2163 1105 2243 adporto
1179 2146 1182 2153 '

58 2265 169 2324 victus
187 2262 379 2346 intelligitur
396 2253 499 2354 asper.
538 2264 585 2324 lta
602 2252 716 2352 aspera
737 2282 835 2324 coena
856 2263 938 2343 apud
954 2263 1107 2323 Plautum

59 2367 97 2427 in
115 2361 353 2446 Capt.3‚r.i.
401 2362 517 2426 Victus
534 2378 641 2425 autern
659 2364 793 2425 nomine
815 2382 882 2423 non
900 2361 1001 2425 [olum
1017 2365 1107 2427 cibue
1230 2448 1233 2453 Ι

60 2468 257 2534 continetur,
284 2460 335 2526 led
352 2465 439 2546 quod
456 2485 493 2525 ex
508 2465 587 2543 Cajo
603 2465 641 2526 L.
655 2473 717 2543 44.
734 2466 776 2527 D.
801 2466 842 2525 de
857 2465 983 2527 verbor.
1002 2461 1106 2549 ligulf.

59 2571 191 2630 notovit
208 2566 415 2638 ciacconius,
446 2567 584 2651 intelligi
604 2567 740 2629 omnino
756 2565 901 2648 poll'uut,
926 2564 1039 2648 quibus
1058 2566 1108 2628 vi·

61 2668 162 2732 vertdi
178 2665 350 2729 carendive
364 2669 505 2748 corporis
521 2666 621 2759 nostri
634 2668 743 2748 gratie
760 2669 897 2740 rttimrtr,·
923 2688 1002 2748 quae
1017 2666 1109 2731 votis

60 2772 114 2833 vie
139 2788 179 2832 ex
205 2769 299 2831 bonie
324 2771 421 2830 etiem
451 2769 635 2831 auctoribue
665 2766 834 2832 adstruitur
863 2789 880 2831 t
906 2767 1042 2833 Dukero
1066 2768 1108 2835 de

61 2870 237 2933 Latinitate
253 2868 363 2935 ICtor.
380 2882 459 2932 vett.
481 2891 515 2953 p.
534 2882 607 2949 223
623 2869 687 2953 sqq.

134 3012 166 3113 s
166 3023 261 3103 agis
268 3021 288 3103 )
335 3022 456 3108 sagum
481 3021 576 3084 vellit
607 3020 738 3083 brev10r
769 3020 922 3086 humeros
947 3020 1050 3084 folum
1074 3036 1109 3087 et

62 3139 152 3209 terga
167 3137 280 3208 tegent
294 3122 333 3183 ad
348 3137 438 3185 natet
454 3143 556 3206 utque
572 3120 700 3184 tlemilla
716 3134 749 3185 et
763 3118 897 3191 craffior.
924 3124 1010 3205 quali
1025 3122 1109 3184 mili·

62 3240 113 3290 tee
136 3225 313 3303 utebantur
335 3239 368 3287 et
388 3223 505 3287 rullici.
556 3226 634 3309 Saga
657 3220 808 3287 Afrorum
836 3237 925 3286 erant
947 3244 987 3286 ex
1009 3224 1110 3305 Ciny·
1230 3287 1233 3291 .

63 3328 155 3413 phiie
170 3325 335 3388 hircorum
350 3325 435 3408 pilie.
462 3343 632 3388 onttvrve
647 3324 726 3389 MS.
774 3322 944 3387 Habebunt
959 3323 1025 3389 sere
1045 3314 1110 3389 iur-

65 3448 156 3497 mam
169 3426 274 3509 pallii,
299 3439 334 3486 et
350 3425 508 3511 superiora
524 3439 651 3490 tentum
668 3426 809 3508 corporis
826 3428 985 3491 velabant.
1023 3426 1112 3490 Hinc

66 3531 201 3593 Tacitus
225 3528 265 3591 tle
287 3526 455 3591 Germanic
478 3549 545 3613 etp.
564 3542 622 3605 17.
636 3514 639 3519 ¹
653 3539 796 3608 tegumen
822 3526 965 3592 omnibus
988 3518 1110 3621 fagum

60 3629 186 3731 fibula,
212 3642 289 3701 aut,
305 3627 342 3723 st
365 3625 464 3722 defit,
488 3620 592 3723 spina
611 3620 799 3719 consertum.
853 3628 966 3693 Cetera
984 3631 1111 3695 intecti.

66 3733 222 3799 Poterant
237 3732 315 3792 illud
333 3732 523 3817 expandere,
544 3746 581 3794 ut
600 3730 744 3815 pallium.
765 3731 852 3792 unde
866 3731 984 3793 ludicri
997 3751 1111 3816 genoe,

67 3849 109 3901 ut
136 3832 288 3927 dsstnto'
298 3824 385 3925 sugo
417 3830 582 3923 impofitos
614 3834 649 3895 in
668 3848 672 3855 '
678 3823 813 3924 sublime
841 3834 1001 3895 lactarent
1026 3835 1111 3916 nputl

70 3938 205 4004 sueton.
217 3934 296 3999 oth.
311 3956 337 3996 c.
351 3952 385 3998 α.
410 3932 657 4020 Distinguuntur
671 3949 779 3995 tamen
791 3924 908 4027 sagati
922 3946 956 3997 et
970 3935 1112 4015 palliati.

69 4038 173 4105 labin
189 4034 276 4099 caet.
291 4057 318 4100 c.
335 4047 398 4116 43.
436 4036 491 4098 llli
511 4035 653 4111 milites,
677 4037 712 4098 bi
731 4036 842 4099 Graeci
863 4047 897 4099 et
913 4034 1112 4121 philosophi.

67 4154 296 4225 unrzourvt.
346 4137 495 4205 Similem
510 4140 662 4207 restitum
682 4136 816 4227 praebet
836 4139 915 4200 virie
934 4139 1018 4220 apuu
1038 4137 1114 4202 Ger·
