2634 4716
269 370 322 431 nt
349 368 489 429 aona.
518 372 628 429 uun.
669 371 706 435 t.
727 372 752 428 r.
794 370 828 431 c
849 372 914 443 nn
955 370 1034 446 52.
1101 366 1177 461 ¹ror

125 544 220 635 quod
236 544 322 627 apud
337 540 578 609 Eratosthenem
598 545 651 608 vel
672 546 772 608 alium
792 545 932 630 legisset,
959 545 1176 630 Metagonitae

129 646 192 711 otte
216 634 312 720 ἔθνος
334 638 528 733 νομαδικὸν,
562 648 689 729 putavit
710 660 811 735 tutam
836 647 1025 710 Numidiam
1046 648 1175 711 Graecia

128 748 175 813 ita
189 760 344 812 voutam-
353 744 459 820 fnium
484 749 518 808 in
531 768 597 828 qno
611 751 745 810 nomine
760 749 854 810 multi
867 762 1009 832 peccant.
1031 768 1174 815 vosarve.

129 850 222 914 liene
238 848 346 913 habet.
370 880 421 896 —
458 848 508 911 Dc
522 848 673 928 Polybio,
694 852 790 913 unico
807 850 924 913 horum
940 863 973 914 et
992 846 1173 913 fideiiffimo

130 952 253 1015 arbitro
278 950 458 1033 videamur.
523 950 640 1013 Scribit
666 954 710 1024 io,
745 953 784 1013 ab
812 952 992 1017 Hannibale
1017 950 1176 1034 Hispano·

129 1036 270 1121 militet,
295 1051 453 1113 Therone
475 1065 508 1114 et
529 1051 714 1123 Mastianm,
747 1054 782 1115 in
799 1051 922 1117 Africae
945 1042 1095 1136 praesidia
1116 1068 1176 1115 tra·

130 1156 248 1219 ductor
264 1152 335 1222 etta,
355 1148 486 1229 πλείους
503 1150 546 1229 εἰς
562 1151 607 1216 ro*
622 1149 826 1238 Μεταγίυνια
848 1154 906 1241 τῆς
920 1146 1059 1240 Λιβύης.
1085 1151 1181 1230 rutic-

132 1252 166 1323 δὲ
186 1254 231 1332 εἷς
252 1243 357 1340 αὐτὴν
377 1248 591 1341 Καρχηδόνα.
624 1257 672 1317 Ex
689 1275 755 1338 quo
772 1256 844 1327 loco
860 1268 988 1339 apparet
1003 1255 1176 1340 perspicue,

130 1356 322 1443 Metagouia
337 1354 427 1419 fuiise
445 1355 501 1416 iub
519 1359 656 1439 imperio
673 1358 992 1442 Carthaginiensium.
1029 1359 1070 1420 At
1087 1358 1180 1419 Mau·

131 1460 248 1525 titania
271 1458 323 1519 vei
346 1459 526 1539 propinqua
550 1458 676 1522 flumini
702 1458 894 1522 Molochath
917 1480 1083 1543 nunquam
1105 1479 1178 1543 pro·

130 1560 297 1625 babuntur
324 1557 412 1621 fnisse
437 1557 491 1621 sub
513 1560 825 1647 Carthaginiensibus
854 1561 917 1623 boc
943 1574 1105 1643 tempore.
1135 1562 1179 1625 de

125 1682 200 1749 ,quo
215 1659 390 1743 Polybium
420 1679 522 1745 quum
536 1662 571 1722 in
588 1661 743 1723 Numidia
761 1660 835 1725 eiiet
852 1662 999 1744 Syphax,
1027 1662 1181 1725 Maurita-

132 1768 189 1830 nia
206 1764 266 1827 diu
286 1761 392 1825 adbuc
408 1760 477 1845 posi
496 1761 644 1825 habuerit
664 1784 754 1849 reget
771 1762 853 1826 struo.
892 1765 1000 1826 immo
1015 1764 1086 1845 plna
1102 1763 1179 1841 fidei

134 1868 170 1931 in
187 1866 240 1929 bia
255 1862 430 1927 inereretur
446 1863 658 1947 Pomponius,
683 1886 778 1947 quarn
796 1865 861 1935 aiii.
882 1878 919 1926 ut
937 1868 1005 1946 qui,
1027 1867 1061 1925 in
1078 1884 1180 1948 oppo-

127 1969 202 2035 uti·
223 1963 393 2049 Hispaniae
411 1964 489 2026 iocis
518 1980 629 2035 notua,
665 1966 750 2029 baud
773 1966 871 2028 dubie
892 1962 1095 2048 peritissimut
1119 1964 1181 2028 suit
1213 1964 1216 1969 '

134 2069 241 2135 litorio
259 2064 410 2131 Africani.
448 2066 535 2149 Quin
556 2069 654 2130 etiam
671 2068 734 2131 boc
751 2066 854 2149 ipsum
871 2068 1061 2129 confirmant
1083 2066 1183 2131 verba

134 2169 328 2239 Aristotelia.
352 2164 367 2257 [
375 2170 418 2230 tt
432 2167 499 2231 rid.
516 2164 640 2257 antea]
692 2168 794 2254 Quod
807 2170 1052 2231 monereetiam
1066 2168 1182 2243 debeo,

134 2270 280 2341 titum
301 2270 463 2333 minorem
485 2270 520 2329 in
544 2268 629 2333 Mela
650 2272 774 2351 uspiam
795 2287 959 2331 occurrere
983 2290 1049 2331 nou
1071 2271 1182 2344 video,

136 2388 177 2439 ut
198 2392 306 2457 neque
331 2372 406 2434 aliar
437 2370 504 2431 iliae
529 2370 703 2434 divisiones
727 2371 900 2455 regionum
923 2371 1184 2452 quarundamin

137 2479 278 2543 maiorer
295 2486 329 2536 et
349 2476 509 2542 minoret,
537 2471 720 2535 iiBaiearee
743 2473 890 2555 excipiar.
925 2490 952 2533 r.
975 2489 1185 2537 ononovtrn.

139 2580 235 2647 Idem
249 2576 284 2639 in
300 2588 377 2639 nota
391 2574 501 2643 MSta,
524 2573 559 2635 in
574 2594 634 2657 qua
648 2574 729 2638 banc
743 2571 886 2657 respicit,
913 2586 1071 2656 praeterea
1084 2574 1185 2647 addit.
1208 2564 1212 2575 '

140 2684 216 2747 ideo
235 2678 409 2741 accuratim
431 2674 549 2737 Melam
567 2677 676 2737 omnia
697 2677 800 2737 videri
817 2675 989 2762 indagasse,
1013 2676 1100 2757 quoti
1124 2688 1187 2739 ter·
1264 2752 1267 2759 Ι

142 2787 253 2847 minue
268 2777 419 2843 notabilia
434 2776 489 2839 hic
503 2774 579 2839 esset
594 2777 678 2839 inter
694 2774 919 2863 Carthaginem
934 2790 967 2839 et
983 2776 1185 2843 Numidiam.
1264 2772 1268 2781 '

145 2900 172 2949 t.
194 2898 393 2947 ottonovrvt
415 2878 492 2941 MS.
553 2879 776 2960 Metagonium
804 2878 848 2941 ett
880 2876 1042 2941 manifesse
1068 2878 1187 2942 Graeca

144 3006 221 3055 vox,
246 3001 327 3066 quae
342 2993 433 3045 notat
449 2993 562 3042 terram
580 2979 648 3062 post
663 2982 830 3065 anguium,
854 2992 909 3041 ant
926 2975 1189 3062 promontorium

145 3086 277 3172 aliouod
291 3084 390 3146 stram.
442 3082 549 3163 Atque
565 3080 639 3144 ideo
655 3096 847 3164 potuerunt,
873 3093 927 3141 aut
947 3079 1099 3149 ridentur
1115 3078 1187 3143 iane

147 3189 262 3254 Graeci
273 3186 339 3247 boc
350 3202 473 3247 nomen
488 3184 583 3245 variie
597 3183 686 3252 lucio.
710 3197 766 3245 aut
782 3179 930 3245 litoribus
946 3176 1069 3241 Africae
1085 3181 1190 3262 impo-

145 3290 247 3357 Iuiffe.
299 3284 383 3349 Nam
406 3298 489 3346 certe
510 3284 712 3357 Ptolemaeus
730 3286 765 3344 in
789 3285 909 3344 extima
929 3280 1122 3343 Mauritania
1147 3280 1190 3343 ad

147 3388 294 3459 occasum
319 3386 412 3450 fluvii
442 3386 570 3448 Malvae
593 3385 818 3468 Metagonium
839 3384 939 3451 locat.
973 3396 1007 3445 et
1028 3383 1190 3465 populum

148 3491 393 3575 Metagonium
430 3488 465 3548 in
494 3505 559 3568 quo
586 3485 839 3549 consentientem
866 3484 963 3547 habet
987 3484 1190 3557 Strabonem,

148 3598 205 3681 qui
217 3596 285 3657 duo
299 3589 562 3676 promontorium
580 3587 653 3657 boc.
676 3591 762 3671 quod
779 3586 865 3649 Mela
882 3585 954 3649 heic
968 3586 1192 3666 Iisetegoninm

151 3699 239 3768 dicit,
261 3692 421 3777 appellant
440 3689 575 3759 Troiam,
600 3690 653 3750 vel
672 3690 806 3752 Tritum.
856 3691 898 3751 At
914 3687 1029 3758 Melae.
1050 3706 1093 3749 ne
1114 3706 1193 3777 eum

114 3868 121 3881 ,
152 3812 275 3863 temere
295 3795 331 3858 in
348 3795 398 3856 iuo
421 3810 595 3861 vocemur,
621 3788 795 3853 adsentitur
814 3789 937 3852 Plinius
950 3802 984 3866 5,
1004 3802 1038 3864 3.
1063 3787 1120 3848 nbi
1142 3787 1192 3848 iti·

153 3902 227 3965 dem
253 3912 370 3962 tetram
391 3891 564 3976 Ampsagae
585 3890 687 3956 fluvio
715 3882 893 3975 proximam
914 3890 955 3952 ad
975 3888 1091 3951 Ortum
1113 3888 1195 3949 dicit

154 3998 376 4083 unagonntn
408 4016 432 4056 a
460 3993 591 4055 Graecis
615 3994 782 4077 appellari.
850 3992 936 4056 Nam
968 3993 1077 4052 minue
1108 4002 1195 4052 recte

154 4102 309 4173 &ilmina
330 4100 368 4161 in
388 4094 494 4161 autc·
514 4104 551 4179 4,
576 4107 609 4171 7·
634 4091 717 4188 [7.]
740 4093 827 4162 aliud
850 4105 944 4183 putat
968 4091 1197 4173 Metagonium

203 4220 303 4301 Poup-
319 4216 415 4281 Maia·
435 4214 553 4291 ἒπην.
569 4208 651 4283 lai
912 4194 942 4256 Β
