2634 4716
8 454 88 503 ¹.
213 461 275 533 244
379 418 382 423 ’
482 400 641 508 unsre
683 446 984 519 nxnnnrrcsa

217 629 305 715 plura
330 624 450 705 aliaque
480 621 603 684 dabunt
631 572 774 686 auctores
801 619 947 686 historiae
968 617 1137 684 universal.
1161 619 1204 684 T.
1226 638 1258 681 s.

48 683 55 798 ι,
156 764 182 791 a
219 752 253 816 p.
277 725 360 807 369.
393 725 522 786 Ditnuu
543 722 671 788 Beichr.
695 725 751 786 des
771 723 854 785 alten
878 725 1063 808 Aegyprene
1081 723 1153 783 init.
1205 721 1258 782 De

212 832 290 898 eius
304 826 428 889 ambitu
444 838 477 889 et
493 823 651 887 divisione
667 839 814 886 veterum
828 839 995 909 suetorum
1016 824 1086 887 lota
1104 821 1260 886 exhibue-

87 967 92 978 =
221 944 298 994 runt
311 929 426 997 iidem,
453 926 572 1008 quibus
585 927 656 988 addi
673 925 772 1009 potest
786 928 819 988 in
836 926 948 1009 primis
963 922 1124 988 d’Anville
1138 924 1173 985 in
1190 923 1262 984 Me·

175 1061 178 1071 ·
221 1035 341 1097 moires
364 1024 414 1089 iur
434 1022 587 1111 l'Egypte
600 1031 756 1090 ancienne
772 1041 805 1090 et
819 1027 985 1098 modeme,
1010 1041 1044 1089 et
1057 1040 1138 1109 qnos
1158 1044 1199 1085 ex
1213 1043 1263 1086 re·

202 1131 418 1201 .eentioribus
439 1131 577 1190 maxime
601 1130 754 1212 produxit
775 1129 952 1192 Heumann
978 1127 1017 1190 ad
1040 1123 1157 1190 Edrifii
1178 1122 1265 1189 Afri·

221 1253 291 1298 nrm
313 1251 345 1315 p.
367 1243 437 1309 325
456 1228 497 1311 sq.
520 1229 578 1292 alia
599 1233 632 1292 in
654 1229 717 1313 ipsa
739 1229 843 1316 Melae
859 1232 1037 1292 narratione
1055 1225 1264 1293 obiicientur.

224 1335 311 1422 Quia
336 1331 430 1393 Nilus
450 1332 559 1394 dextra
581 1333 732 1414 iaevaque
753 1330 875 1395 ‹iiviins
897 1329 1083 1394 inferiorem
1104 1328 1175 1392 eius
1195 1348 1266 1411 par·

220 1449 293 1500 tem
314 1432 463 1515 amplexu
480 1430 537 1499 iuu
554 1435 763 1506 determinat,
797 1435 951 1517 quosdam
971 1435 1155 1517 Aegyptum
1179 1430 1266 1493 iuter

207 1533 340 1603 ‚infulas
360 1531 499 1595 retuiiffs
524 1531 629 1595 scribit
650 1535 827 1615 Plinius15.
847 1552 881 1616 9.
899 1533 920 1597 i.
938 1543 973 1613 4.
1006 1547 1092 1598 certe
1113 1531 1266 1596 maximis

225 1640 413 1703 ednurnerat
429 1632 550 1718 Hygin.
567 1631 636 1698 fab.
650 1648 732 1714 275.
759 1620 880 1699 et‘Nili
901 1634 1033 1700 infulam
1051 1631 1161 1697 vocari
1176 1631 1265 1717 poiie

225 1741 270 1807 ait
289 1736 437 1799 Martisn.
455 1733 533 1818 Cap.
555 1735 611 1798 lib.
629 1737 663 1801 6.
685 1758 718 1820 p.
734 1748 818 1814 218.
852 1737 940 1800 unde
961 1738 1059 1799 etism
1075 1731 1176 1823 δῶρον
1202 1731 1268 1800 τοῦ.

227 1835 383 1925 ποταμοῦ
399 1855 474 1897 enm
489 1833 556 1900 aliis
570 1837 652 1899 dicit
664 1837 807 1901 Euststh.
822 1839 861 1900 ad
878 1834 1010 1920 Dionyi
1029 1857 1063 1902 r.
1082 1853 1166 1900 eae.
1199 1835 1266 1900 sed

228 1939 269 2006 ef.
293 1937 450 2003 Herodot.
474 1952 507 2008 u,
529 1948 563 2015 5.
599 1932 755 2002 Aristotel.
775 1936 946 2002 Meteuroi.
975 1961 1003 2012 ι,
1032 1947 1090 2021 14.
1124 1933 1264 2003 Diutius.

111 2037 117 2048 ’
135 2107 140 2114 ,
229 2059 264 2124 3,
283 2057 315 2122 3.
340 2037 493 2102 Manilius
507 2035 628 2103 Astron.
640 2050 675 2120 4,
691 2047 776 2130 774.
799 2039 1006 2103 Germanicus
1021 2040 1056 2102 in
1070 2039 1157 2102 Arati
1170 2039 1267 2122 phae-

228 2165 320 2210 nom.
345 2163 378 2205 v.
394 2149 478 2218 235.
505 2141 545 2203 de
565 2140 659 2204 Delta
680 2132 833 2212 maxime,
867 2154 901 2204 et
923 2159 1003 2222 quae
1024 2138 1265 2205 adoraturum

227 2243 356 2309 notarit
388 2238 622 2326 Weiieiingius.
672 2238 813 2325 Operose
844 2242 933 2306 idern
966 2241 1123 2307 adstruere
1147 2243 1266 2306 nititur

227 2347 323 2414 Shaw
337 2347 370 2405 in
387 2343 457 2403 itin.
474 2344 515 2406 T.
535 2360 567 2406 u.
586 2364 616 2426 p.
633 2364 678 2406 m.
701 2354 768 2423 ¹85
788 2338 870 2425 [qu
901 2343 1013 2429 Qualis
1032 2342 1066 2404 in
1083 2345 1192 2408 numis
1212 2345 1267 2405 eti-

221 2428 348 2535 pareat.
376 2441 477 2504 veluti
500 2446 679 2515 crocodilo.
704 2444 806 2515 ibide,
840 2443 941 2517 [istro.
969 2446 1068 2520 loto.
1086 2443 1163 2515 Nilo
1185 2446 1267 2510 aliis·

141 2624 144 2631 ὁ
226 2567 289 2632 qna
307 2544 398 2630 signis
415 2543 579 2625 adpoiitis.
603 2545 765 2607 docebunt
779 2545 899 2608 Raiche
914 2547 948 2609 in
963 2548 1039 2610 Lex.
1056 2567 1148 2609 num.
1170 2548 1211 2610 T.
1232 2566 1264 2612 s.

125 2682 127 2687 -
226 2638 266 2713 P.
288 2668 317 2712 1.
343 2665 412 2726 pag.
434 2642 582 2726 ss5‚sqq.
616 2660 650 2706 et
671 2627 810 2710 Iickhsl.
835 2649 871 2710 in
889 2649 1031 2718 doctrina
1055 2669 1148 2712 num.
1171 2649 1210 2713 P.
1231 2669 1263 2714 t.

225 2748 300 2812 vol.
316 2758 351 2827 4.
373 2767 407 2828 p.
426 2760 470 2824 29
490 2743 552 2828 sqq.

182 2994 192 3010 .,
304 2933 515 3037 immissu)
565 2944 710 3010 Deciarnt
728 2947 815 3012 hune
838 2949 948 3013 locum
961 2950 1088 3016 Plinius
1104 2964 1137 3032 5.
1154 2969 1190 3033 9.
1211 2948 1266 3018 his

230 3049 357 3118 verbis:
381 3050 552 3111 ‚Proxima
573 3038 707 3138 Africae
728 3052 877 3114 incolitur
895 3057 1074 3136 Aegyptus,
1107 3047 1267 3146 introrsus

230 3154 276 3216 ad
299 3149 455 3213 meridiem
478 3148 635 3222 recedens,
668 3151 767 3215 donee
781 3173 803 3215 a
826 3165 914 3235 tergo
934 3154 1187 3234 praetenduntur
1207 3161 1266 3218 Ae·

84 3236 87 3243 Ι
198 3257 366 3333 'tisinpen
418 3252 471 3313 Sic
489 3247 573 3312 Mela
589 3264 620 3330 3,
645 3266 678 3330 3.
702 3249 751 3340 [§.
772 3249 826 3342 32]
853 3256 893 3317 de
915 3256 1048 3320 Arabico
1069 3257 1157 3318 iinu:
1192 3258 1277 3320 luit.

228 3358 358 3439 pertitus
388 3342 617 3441 introrsusque.
648 3354 724 3416 dum
744 3360 922 3437 Aegyptum
946 3379 1046 3438 paene
1073 3370 1104 3420 et
1127 3370 1267 3421 montem

28 3479 35 3488 ·
136 3502 137 3506 ,
228 3455 370 3521 Arabiae
405 3448 534 3541 Cassum
567 3456 722 3537 attingat.
747 3535 749 3539 .
776 3457 908 3520 Sulinus
940 3479 1007 3542 usp.
1032 3472 1092 3538 30.
1119 3456 1160 3548 [i.
1183 3453 1266 3546 55.]

229 3561 393 3638 Aegyptus
412 3575 433 3613 u
455 3552 579 3614 meridie
597 3548 753 3649 introrsus
773 3559 898 3630 recedit,
924 3558 1031 3642 quoad
1045 3560 1265 3642 praetendunt

27 3691 29 3700 ·
62 3704 65 3713 .
141 3698 142 3701 =
178 3660 179 3664 ’
226 3659 393 3736 Aethiopes
415 3676 437 3714 a
457 3667 554 3735 tergo.
605 3656 781 3720 Martianus
807 3654 883 3747 [lib.
902 3661 936 3724 6.
957 3681 989 3744 p.
1011 3656 1116 3748 urss.]
1147 3661 1267 3727 Verum

229 3765 391 3842 Aegyptus
421 3746 577 3846 introrsus
601 3758 646 3818 ud
671 3760 827 3821 meridiem
854 3759 972 3834 tendit,
1007 3763 1106 3825 donec
1131 3786 1153 3825 a
1177 3776 1266 3847 tergo

92 3847 96 3854 ’
208 3864 213 3878 ¹
228 3862 403 3938 Aethiopes
415 3850 631 3948 adversentur.
657 3878 870 3924 crsccousvs.
915 3864 965 3926 Ab
979 3863 1042 3928 hoc
1057 3866 1151 3928 litore
1169 3867 1265 3928 maris

226 3962 379 4047 Aegyptii
395 3960 520 4043 longius
535 3961 720 4045 porrigitur,
746 3964 905 4047 longeque
921 3967 955 4026 in
974 3968 1142 4030 interiores
1161 3969 1267 4052 regio·

226 4062 284 4131 sies
304 4075 400 4144 patet.
440 4061 630 4150 *Translatio
654 4062 752 4126 sumta
767 4064 810 4126 est
825 4066 863 4127 ab
885 4068 990 4148 equis.
1016 4088 1154 4151 quotum
1176 4065 1265 4131 frene

224 4175 301 4229 'uum
313 4164 499 4234 relaxantur,
515 4162 662 4241 dicuntur
678 4165 822 4234 immitti.
848 4164 948 4235 ovid.
958 4166 1090 4234 Metam.
1105 4169 1156 4250 [t.
1166 4172 1266 4254 natu]
