2634 4716
198 389 680 453 ruminantem.
721 380 859 454 extu.
900 394 980 465 eg.
1051 398 1115 473 tu
1184 360 1190 369 ’

69 567 301 655 declarandam.
351 568 399 630 lte
424 586 544 650 nempe
568 567 675 630 verbio
700 570 826 652 geuerie
852 586 887 630 ea
914 560 1123 644 substituunt
1181 630 1188 641 ,

68 690 151 755 quae
172 671 320 752 proxime
335 688 404 730 rem
421 669 591 751 expofitem
607 671 784 738 declarent,
810 670 943 751 eiueque
958 683 1115 744 naturam,

67 770 227 856 lpeeiem,
255 769 408 840 formam.
434 772 570 832 modum
587 768 721 832 leolibue
740 768 918 832 subiiciunt.
958 772 1116 855 Exempli

66 875 161 957 plura
187 867 326 956 congelli
355 874 388 932 in
411 870 625 933 differretioue
648 874 688 934 cle
712 870 798 933 Mela
819 891 885 956 cap.
905 886 938 949 7.
991 874 1115 938 Similia

68 973 394 1038 subministraturum
411 972 488 1034 haec
501 974 582 1034 autri
602 971 781 1055 descriptio.
951 1022 967 1105 6.

149 1155 326 1206 montem
335 1141 354 1224 )
400 1141 529 1205 Solinue
543 1161 569 1203 c.
585 1142 607 1203 l.
632 1141 758 1220 Specus.
784 1142 841 1222 qui
859 1140 995 1209 morrkm
1014 1143 1117 1221 impoae

60 1241 169 1341 filum
194 1248 276 1306 orori
299 1265 320 1304 a
335 1234 464 1335 surrrmo
491 1255 590 1304 conor
612 1243 744 1311 vertice,
776 1241 910 1319 'rotulus
935 1242 1027 1305 auru
1048 1262 1115 1306 errr·

68 1340 217 1439 pltffimo.
256 1347 306 1407 De
320 1342 387 1426 iplo
403 1357 514 1407 moute
529 1345 608 1406 adeo
629 1339 753 1404 dictum
776 1342 830 1407 est.

149 1515 284 1595 oliuo)
334 1510 526 1574 Descenlum
556 1512 688 1593 explicat
721 1511 774 1572 hlc
807 1509 984 1581 Olivariue,
1016 1528 1136 1593 quem,

71 1616 150 1679 ideo
165 1615 368 1697 reprehendit
383 1614 546 1676 Salmaliuo
561 1615 599 1673 ad
613 1614 717 1675 Solio.
738 1632 769 1694 p.
788 1633 831 1675 rn.
851 1624 934 1690 544.
957 1610 1115 1694 subprell'o

71 1720 204 1801 quidem
222 1718 364 1786 nomine,
387 1717 442 1777 etsi
458 1713 522 1797 iple
536 1716 575 1776 tle
591 1711 738 1777 descensu
752 1714 815 1775 diei
830 1713 913 1796 polle
928 1734 993 1775 non
1010 1728 1116 1800 negat,

71 1818 250 1905 probetque
271 1838 310 1878 ex
332 1817 387 1878 Gr.
410 1808 525 1885 κλιτὺς
545 1831 575 1876 et
600 1816 776 1900 virgiliano
801 1817 874 1876 loco
896 1816 996 1900 eclog.
1021 1835 1056 1897 9,
1078 1828 1114 1895 3.

30 1956 33 1963 ·
70 1921 149 1984 ubit
182 1941 246 2002 que
269 1917 298 1980 [e
337 1915 487 1978 obducere
510 1918 604 1978 colles
626 1918 805 1995 incipiunt.
835 1915 980 1998 mollique
1006 1918 1116 1999 iugum
1188 1968 1191 1973 .

68 2022 239 2085 demittere
257 2019 348 2080 clivo.
409 2019 471 2080 Sed
494 2037 532 2079 ex
557 2036 643 2077 nexu
666 2019 737 2078 talia
760 2014 940 2077 indiverso
964 2031 1056 2077 motu
1083 2032 1117 2081 et

72 2120 247 2209 propello,
272 2133 309 2180 ut
324 2117 453 2180 acclivis
469 2132 502 2178 et
518 2117 660 2187 declivis,
682 2130 848 2201 reguntur.
889 2118 1000 2179 Clivus
1017 2121 1117 2199 etiaut

68 2227 109 2288 in
133 2218 325 2309 glossiessr.
350 2221 523 2302 explicatur
553 2213 724 2290 ἀνάβασις.
778 2218 914 2279 Gravius
934 2217 992 2287 est,
1027 2216 1119 2309 quorl

23 2316 28 2323 ⁸
74 2326 267 2389 Strabonem
291 2343 308 2383 a
333 2322 418 2382 Meu
438 2323 521 2381 male
544 2320 742 2379 intellectum
770 2316 831 2378 effe
854 2316 964 2389 iactati
996 2338 1118 2401 nempe

73 2448 149 2490 euru
168 2425 219 2486 ille
231 2424 270 2484 ad
287 2439 331 2485 tto
349 2421 440 2482 stadia
457 2418 543 2500 [upra
557 2420 717 2497 Corycum
733 2420 993 2499 promontorium
1014 2433 1118 2502 ponat

73 2530 139 2591 hoc
155 2542 300 2592 antrum.
328 2522 445 2583 Melam
469 2522 499 2580 irl
521 2520 559 2581 ad
579 2504 681 2601 iplum
697 2521 819 2581 montis
842 2519 937 2580 huiue
961 2522 1118 2585 verticem

73 2626 226 2697 retulisse,
248 2641 280 2686 et
300 2643 471 2685 numerum
492 2619 650 2692 minuisse,
669 2621 741 2702 quia
759 2620 809 2682 illa
823 2621 961 2682 altitudo
979 2625 1117 2686 modum

9 2782 32 2809 ,,
76 2733 230 2796 excedere
258 2727 437 2792 videretur,
473 2742 546 2785 curn
576 2721 688 2785 Strabo
722 2735 847 2783 tanturn
874 2726 974 2791 dicat.
1011 2716 1118 2811 ὀφρῦς

76 2830 197 2903 ἱκανῶς
218 2819 346 2912 ὑψηλὴ.
389 2829 428 2886 tt
447 2825 535 2906 quod
549 2838 661 2886 monet
677 2819 810 2891 l'olliue.
834 2823 1004 2887 Strabo'tle
1022 2825 1118 2908 ipfiue

9 2986 19 3003 .
75 2935 160 2997 antri
183 2929 331 2992 lareribue
352 2928 510 3009 loquitur,
536 2924 653 3006 quibua
669 2925 703 2984 in
721 2924 861 3006 obpolito
883 2928 1005 2987 montis
1028 2941 1117 3009 parte

9 3012 20 3127 Ἰ
77 3035 189 3121 lpecrte
207 3031 259 3093 ille
276 3031 437 3111 utrimque
459 3027 689 3111 praecingitur3
723 3025 807 3087 Mela
829 3025 974 3086 declivo
996 3031 1117 3091 ruontie

9 3192 19 3229 ι
76 3135 176 3200 ιάίίῑο
195 3133 286 3194 mari.
321 3128 433 3211 Neque
449 3142 573 3190 tautum
588 3127 728 3188 oberrare
744 3147 761 3186 a
778 3129 989 3188 veteratione
1004 3127 1117 3193 Noster

9 3292 20 3331 Ι
50 3237 204 3323 'potuit.
243 3246 281 3294 ut
312 3231 516 3292 intervallum
545 3229 586 3289 de
616 3228 784 3288 altitudine
811 3227 887 3288 clivi
912 3227 1116 3311 intelligeret·

9 3396 20 3429 ι
75 3339 142 3403 Sed
162 3335 225 3418 ipla
245 3335 327 3396 antri
349 3330 482 3415 speciee,
507 3349 587 3412 quae
604 3325 693 3391 inille
710 3329 854 3400 videtur,
879 3326 950 3391 latia
969 3326 1057 3412 supra
1073 3328 1118 3395 est

9 3498 17 3511 ‚
74 3440 238 3504 declarata.

155 3603 293 3686 viret)
342 3603 394 3667 sic
419 3600 560 3665 Rutiliue
577 3600 611 3660 in
633 3599 705 3660 itin.
733 3616 763 3669 ι.
788 3609 871 3680 263.
898 3599 982 3661 viret
1011 3596 1119 3693 densae

8 3700 28 3713 ”
76 3710 212 3775 uicinia·
226 3708 317 3769 lueis.
361 3705 530 3789 Eleganter
545 3717 623 3764 vero
637 3714 670 3762 et
683 3700 745 3762 lroc
763 3720 822 3783 pro
838 3701 942 3772 habet,
967 3700 1012 3761 ibi
1029 3700 1113 3767 lunt.

76 3814 154 3878 Alio
181 3808 286 3872 colore
314 3807 353 3868 de
380 3805 545 3866 Trinacrio
576 3801 669 3884 lpecu
697 3802 864 3863 Gratianus
893 3804 928 3863 iu
954 3802 1114 3886 Cyneget.

77 3935 113 3976 v.
132 3925 218 3995 431.
242 3909 374 3991 cotiique
394 3896 550 3994 introrsus
571 3903 706 3974 reditus,
741 3905 855 3964 circum
878 3917 969 3966 arrae
992 3906 1116 3966 moenio

8 4002 22 4041 ³
65 4013 188 4109 salvae.
231 4013 281 4073 De
296 4009 433 4070 lectione
448 4006 510 4067 loci
531 4006 565 4065 in
580 4003 687 4065 verbie
707 4000 913 4081 pendentibus
927 4019 961 4069 et
979 4017 1114 4068 oontem-

75 4117 163 4200 μίση·
183 4109 303 4178 consuli
323 4107 449 4194 poliunt
462 4118 560 4176 notae
575 4101 701 4169 niune
718 4104 759 4169 ed
773 4105 807 4171 h.
822 4104 848 4171 Ι.
