2634 4716
122 358 183 423 152
375 343 556 409 uoraa
595 343 901 407 nxaocatcan

124 520 293 606 triumpho
308 522 419 589 Caelar
433 525 576 585 (luxerat.
602 520 782 606 (Plutarch.
801 521 837 581 in
850 514 938 582 Cael.
954 536 983 580 c.
996 524 1057 597 55.
1083 506 1174 581 rior.

125 636 163 707 4,
182 643 213 696 a.
230 634 311 705 89.)
346 627 424 688 Eiua
440 627 523 690 filiun
541 624 744 687 Ptolemaeus
764 644 803 685 ex
822 620 1002 705 Cleopatra.
1034 618 1174 699 (Strabo

127 748 156 793 c.
174 728 195 789 l.
223 729 358 790 Sueton.
375 729 409 790 in
425 727 525 812 Calig.
541 747 569 789 c.
587 727 666 801 26.)
699 728 749 786 Ex
762 723 901 786 barbarie
917 721 1070 784 Numidia
1086 722 1175 782 iuter

127 823 359 895 eruditissimos
375 830 517 891 Graecos*
530 828 695 891 historicos
715 827 891 890 celebratur
910 845 928 887 a
943 823 1114 885 Plutarcho
1137 824 1174 883 itt

126 931 252 1014 primia.
278 935 333 1012 qui
353 932 428 992 ideo
442 933 512 993 eiua
528 930 746 1012 captivitatem
761 930 940 990 Romanam
960 916 1180 1013 poaoprwr'a'·

126 1054 188 1119 rua
210 1045 314 1093 vocat.
366 1032 536 1093 Mortuum
559 1031 611 1092 lua
634 1044 736 1094 aetate
756 1029 860 1092 scribit
874 1028 988 1091 Strabo
1004 1047 1031 1089 c.
1047 1029 1069 1089 l.
1120 1026 1176 1088 De

126 1134 254 1196 colonia
270 1154 286 1193 a
302 1132 442 1196 Claudio
456 1134 591 1195 deducta
607 1129 702 1217 supra.
712 1151 751 1194 ex
765 1132 873 1195 Plinio
890 1131 1025 1200 dictum,
1050 1148 1091 1190 ex
1105 1144 1174 1210 quo

128 1236 296 1297 coutirmat
319 1235 414 1296 etiam
437 1236 540 1299 Solin.
563 1256 591 1298 c.
618 1246 676 1312 28.
697 1232 719 1297 l.
739 1247 796 1313 25.
828 1246 863 1294 et
892 1244 1052 1316 praeterea
1080 1230 1179 1291 numi

128 1337 212 1418 apud
239 1334 374 1398 Vaillant
397 1338 431 1397 in
452 1335 603 1401 numism.
627 1337 689 1400 col.
714 1338 738 1398 1.
766 1347 847 1413 ¹⁰5·
902 1335 989 1395 Hinc
1007 1351 1087 1396 vero
1111 1330 1177 1414 prl-

128 1456 221 1499 mum
241 1437 380 1498 maxime
400 1437 571 1500 nobilitata
592 1437 636 1501 ett
656 1436 747 1506 urbe.
782 1437 866 1499 Mela
890 1437 988 1499 etiam
1012 1433 1105 1502 telle.
1139 1445 1178 1503 et

128 1535 322 1623 nobilillima
346 1538 564 1605 Mauretaniae
587 1538 662 1601 urba
676 1538 723 1607 ,ab
746 1538 860 1602 Orolio
878 1553 911 1613 7,
935 1551 995 1617 35.
1027 1545 1177 1598 vocatur.

129 1640 170 1703 lu
185 1632 409 1721 posterioribus
423 1641 619 1712 auctoribua,
643 1640 744 1702 veluti
758 1640 918 1722 Procopio
934 1638 1022 1702 dell.
1039 1636 1177 1702 Vandtl.

130 1756 166 1811 2,
184 1753 219 1817 5.
254 1742 422 1803 Antonino
438 1745 472 1803 itt
488 1743 594 1819 itiner.
611 1762 644 1824 p.
661 1754 695 1818 5.
717 1754 774 1819 15.
791 1758 851 1805 20.
883 1741 1001 1827 Geogr.
1023 1740 1176 1802 Βινοιιιι.

131 1855 166 1923 8,
188 1854 223 1920 8.
244 1876 290 1889 -
319 1844 372 1905 vel
403 1843 585 1926 litupliciter
613 1833 773 1934 Caesonia
806 1839 943 1912 dicitur,
977 1841 1033 1903 vel
1064 1841 1178 1903 addita

52 1996 55 2001 .
131 1962 214 2006 voce
231 1944 366 2029 colonia.
404 1948 442 2007 ln
456 1946 640 2008 Ptolemaeo
656 1952 690 2025 4,
711 1960 743 2007 2.
763 1945 881 2029 legitur
897 1936 974 2007 Ἱὼλ
991 1932 1178 2029 Καισάρεια

131 2044 257 2127 etpost
280 2050 313 2107 in
335 2048 397 2109 lina
422 2043 545 2111 'Ioulia
571 2039 769 2133 Καισάρεια,
803 2045 860 2107 etlr
882 2043 1005 2109 Voffiua
1029 2041 1112 2107 infra
1134 2044 1178 2105 ad

130 2144 272 2235 Icosium
292 2168 332 2209 ex
354 2149 427 2211 cod.
444 2150 674 2211 arundelliano
695 2150 792 2210 etiam
809 2149 843 2208 in
864 2148 962 2211 altero
982 2147 1055 2210 loco
1071 2142 1179 2209 adfert

131 2241 225 2320 Ἰὼλ,
258 2250 306 2309 ιιιί
330 2270 389 2331 pro
410 2246 547 2316 Ἰουλίου
571 2244 658 2337 ἄκρα
683 2244 778 2323 πόλις
799 2242 854 2311 καὶ
882 2243 981 2336 λιμὴν
1002 2262 1087 2311 certe
1110 2247 1179 2331 legi

132 2346 230 2411 debet
252 2351 288 2411 iu
308 2353 435 2430 Scylace
454 2373 486 2435 p.
509 2367 566 2431 50.
585 2350 687 2414 Hudl.
713 2347 788 2434 quia
806 2352 884 2412 illud
900 2370 1022 2414 nomen
1037 2350 1179 2422 minime

129 2452 216 2513 cadit
238 2454 273 2512 in
295 2454 433 2532 Scylacis
453 2468 599 2517 aetatem.
638 2447 714 2515 'tul
731 2454 829 2516 etiam
845 2453 950 2537 legere
963 2453 1035 2513 vult
1049 2453 1085 2513 in
1100 2450 1181 2514 Pto·

131 2552 258 2614 lemaro
279 2554 376 2614 Shaw
398 2557 433 2615 iri
454 2575 595 2638 voyagea
616 2588 666 2602 -
688 2556 730 2617 T.
748 2570 782 2617 2.
803 2575 837 2636 p.
854 2548 914 2627 27⁰.
963 2555 1029 2617 stu
1052 2551 1115 2614 luit
1136 2552 1181 2616 atl

130 2670 218 2713 mare
237 2654 386 2735 (Procop.
398 2677 424 2717 o.
441 2657 477 2733 l.)
493 2670 686 2738 portumque
702 2655 814 2717 habuit
829 2655 955 2733 (Strabo
975 2669 1029 2729 ι7.
1045 2676 1078 2737 p.
1090 2668 1181 2731 57t.
1205 2662 1211 2677 '

132 2750 158 2817 l.
173 2766 259 2833 851.
284 2742 397 2834 Scylilx
410 2777 438 2820 c.
454 2758 491 2837 l.)
514 2772 547 2818 et
567 2757 721 2820 obiectam
739 2755 883 2821 infulam.
909 2755 1070 2842 (Ptolem.
1086 2778 1115 2841 c.
1129 2751 1181 2840 1.)

78 2842 81 2847 ⁵
130 2854 306 2919 Historiam
320 2844 557 2942 urbtu'ituaqua
570 2873 779 2920 monumenta
796 2859 891 2920 docte
904 2857 1050 2941 exposuit
1062 2857 1180 2937 Belley

133 2956 172 3019 ln
184 2956 255 3019 httt
268 2958 309 3022 de
321 2960 504 3023 l’a'cademie
518 2961 574 3023 dea
585 2959 692 3024 inlcrr.
716 2994 756 3007 -
771 2959 868 3030 Paria,
882 2961 922 3022 T.
937 2972 994 3039 38.
1009 2980 1040 3041 p.
1052 2978 1101 3041 9⁰
1113 2956 1181 3042 l'qq.

132 3057 173 3121 ln
207 3057 363 3124 hodierno
376 3044 465 3127 'eiua
493 3065 628 3145 nornine
655 3061 748 3124 valde
774 3061 953 3143 discrepant
986 3061 1048 3123 viri
1074 3062 1179 3125 docti.

92 3158 95 3169 '
125 3160 346 3243 ·8uperiorum
367 3164 539 3247 opiniones
563 3160 721 3227 recensuit
738 3162 879 3226 Orteliue
894 3162 928 3225 h.
950 3183 984 3224 v.
1035 3162 1181 3225 Plurimi

132 3261 213 3325 inda
233 3278 349 3345 putant
362 3264 423 3329 elle
442 3264 478 3330 lt.
493 3266 596 3347 Alget,
619 3279 657 3327 ut
672 3264 816 3328 Holsteu.
832 3264 874 3326 ad
888 3263 1050 3327 Ortelium
1065 3284 1098 3346 p.
1116 3279 1176 3344 57.

111 3360 309 3451 ἪοιῘεΙὶιις
329 3364 367 3429 ad
383 3369 542 3433 Antonin.
559 3388 593 3450 p.
613 3379 668 3445 ¹5·
693 3365 750 3429 ubi
772 3366 879 3429 laudat
893 3366 1079 3433 Leunclavii
1095 3368 1180 3431 Pan·

135 3462 220 3530 «lect.
238 3465 308 3530 hill.
329 3466 427 3533 Turc.
448 3489 477 3534 c.
494 3484 581 3542 227.
608 3470 736 3553 Dapper
748 3480 782 3529 et
801 3470 865 3532 alii.
917 3468 1061 3553 Quidam
1080 3468 1180 3531 Tener

132 3560 159 3629 I.
175 3556 269 3659 Tiasa
283 3581 408 3651 putant,
423 3572 458 3631 in
471 3571 587 3653 quibua
599 3571 757 3634 Harduin.
767 3571 806 3631 ad
821 3568 905 3634 Pliu.
918 3589 945 3632 c.
957 3570 980 3633 l.
994 3567 1179 3633 suton-

128 3662 188 3761 Ιίὶῐ.
204 3670 301 3731 etiam
321 3668 484 3735 d'Anville
499 3672 615 3757 Geogr.
638 3690 706 3735 ano.
722 3674 764 3735 T.
783 3686 817 3750 5⁸.
832 3692 865 3755 p.
881 3683 941 3753 98.
969 3669 1117 3735 olivario
1137 3670 1180 3735 ad

30 3850 33 3857 Ι
135 3766 170 3832 lt.
185 3769 208 3834 l.
229 3768 273 3833 est
292 3770 413 3853 Bagra.
463 3774 526 3837 allii
544 3773 649 3843 aliter,
675 3792 755 3855 quoa
776 3773 887 3854 Belley
910 3771 1086 3848 indicavit3
1120 3772 1181 3857 qui

132 3868 200 3954 lple
212 3890 245 3953 p.
261 3888 322 3953 92.
343 3873 378 3933 in
396 3874 531 3936 Ser-Sel
550 3873 666 3960 (ingl.
684 3872 895 3955 ster-stell)
919 3871 1062 3947 l'ubllstlt,
1086 3874 1182 3958 quod

134 3972 172 4035 in
186 3974 299 4055 primia
312 3977 461 4039 evincere
475 3977 569 4039 dour
585 3975 705 4039 lluduit
722 3974 818 4038 Shaw
834 3977 877 4038 T.
895 3992 925 4040 t.
947 3996 981 4060 p.
997 3988 1058 4055 52.
1086 3996 1181 4061 argu·

27 4060 32 4085 ⁸
66 4088 72 4093 '
132 4082 257 4147 mentia
278 4078 324 4144 lat
350 4079 466 4144 validia
489 4076 580 4151 uiue.
613 4096 655 4143 ex
683 4078 805 4143 iudicio
834 4090 985 4143 veterum
1009 4090 1180 4143 aucturum
