2634 4716
124 380 189 470 eti
395 389 556 451 noran
594 386 897 447 exnenrrotn
924 336 929 353 ⁸
960 338 966 347 ’
1036 436 1038 440 ,

97 642 100 649 ¹
142 570 145 575 '
166 550 169 557 ¹
185 562 189 569 '
204 561 317 645 vici)
352 564 444 626 Varie
464 564 547 626 hanc
561 583 676 639 rocem
692 564 916 626 intellexerunt
931 562 1126 642 interpretes
1141 568 1175 619 et

129 663 375 731 adhortationis
395 665 515 728 causam
534 644 777 736 tranituierunt‚
803 679 841 726 ut
856 665 972 727 docent
995 679 1094 723 notae
1117 653 1176 722 cri·

129 766 224 830 (icae.
249 756 368 829 Verum
384 768 469 829 vidit
479 768 676 839 Perizoniue‚
689 782 723 832 et
736 766 814 829 iacta
831 764 955 828 meliori
969 763 1175 825 distinctione

53 886 55 889 ’
131 868 324 930 vindicavit.
358 869 443 932 Cum
459 871 547 932 enim
564 889 630 931 non
649 868 749 932 solum
765 870 843 929 olim
859 869 1006 952 regionee
1023 855 1176 952 κωμηδὸν

134 966 363 1040 habitarentur.
378 984 448 1031 tum
457 973 563 1041 etiam.
578 985 616 1033 ut
630 970 717 1042 solet,
732 970 873 1039 urbibus,
887 966 1063 1030 nuiorihur
1077 964 1178 1027 meri·

132 1085 199 1139 me.
216 1071 279 1131 vicl
295 1069 449 1142 suberant,
466 1073 572 1158 queiee
587 1074 624 1137 in
636 1071 805 1137 Palaestina
819 1071 925 1154 piurea
941 1076 1179 1131 commemoret

8 1224 14 1254 p
135 1168 290 1253 Iosephus
311 1174 351 1235 de
374 1171 412 1234 B.
438 1174 508 1234 iud.
529 1188 561 1253 3,
584 1192 618 1258 9.
639 1182 674 1256 4.
702 1175 762 1252 (tle
785 1174 903 1255 loppe)
928 1184 960 1248 3.
984 1184 1017 1246 7.
1045 1168 1092 1232 in.
1118 1167 1178 1247 (tle

134 1270 289 1352 Gadarie)
308 1275 473 1355 'idemque
497 1274 531 1337 iu
560 1277 627 1338 vite
648 1274 700 1337 sue
724 1295 790 1358 cap.
806 1283 866 1354 45.
882 1268 904 1335 i.
930 1271 986 1335 soii
1008 1270 1180 1340 (intinere.

24 1442 27 1451 ¹
137 1373 232 1437 urbes
251 1376 403 1459 vicosque
425 1388 499 1457 2⁰4
521 1377 644 1441 tribuit.
687 1375 740 1441 cf.
769 1375 929 1439 iieiaudue
950 1375 984 1434 in
1008 1371 1181 1435 Palaestine

134 1470 193 1537 lin.
213 1489 245 1553 3.
269 1497 361 1557 pm.
380 1489 464 1567 535.
520 1478 603 1541 Aliae
624 1479 742 1541 rectiua
765 1477 850 1538 Mela
873 1476 1038 1536 interiecta
1060 1473 1181 1556 oppido

135 1586 260 1660 poteret
276 1595 537 1648 commemorare.
559 1598 639 1660 quae
653 1576 817 1641 recensent
830 1577 940 1656 Scylax
956 1596 988 1657 p.
998 1585 1061 1654 42.
1079 1571 1182 1635 Horis.

136 1689 173 1738 et
183 1676 269 1737 Plio.
287 1689 320 1755 5.
342 1677 434 1753 17.·s.
455 1697 509 1760 ¹9·
546 1681 589 1740 Ut
604 1698 680 1741 vero
699 1697 787 1740 nunc
801 1677 897 1739 habet
911 1677 973 1738 loci
989 1673 1105 1744 forme.
1128 1693 1184 1766 cur

110 1838 112 1842 ,
132 1772 192 1844 itta
206 1780 302 1842 etiarn
319 1793 420 1843 aetate
438 1781 618 1844 continenti
633 1780 755 1843 adnexa
772 1777 927 1850 haeserit..
945 1792 1017 1862 epte
1034 1776 1184 1845 declaret.

215 1980 369 2065 Sidon)
406 1982 572 2049 -Hebraeie
602 1975 711 2077 ii'i'ffi
746 1982 802 2047 Gr.
827 1973 947 2044 Σιδὼν.
999 1981 1038 2041 ln
1063 1977 1186 2042 caiihut

97 2086 100 2091 ’
136 2080 279 2166 obliquiu
294 2084 395 2148 modo
411 2108 446 2157 tc,
464 2087 568 2148 morio
586 2108 602 2152 o
617 2087 782 2168 reperitur.
816 2083 947 2145 Nomen
962 2083 1060 2142 traxit
1076 2101 1093 2142 a
1110 2075 1185 2145 ‘rzi-

135 2182 246 2255 ‘tione‚
273 2185 451 2248 Chanaanis
467 2189 545 2258 iilio.
570 2184 702 2266 (Genei.
724 2206 779 2255 ro.
799 2186 873 2261 15.)
906 2202 1001 2264 quem
1023 2176 1186 2247 Σιδώνιον

116 2315 119 2327 ·
138 2291 237 2348 horat
260 2284 412 2371 losephue
427 2290 550 2370 antiqu.
566 2288 636 2350 lud.
658 2303 687 2356 ι,
705 2289 737 2356 6,
756 2305 789 2350 2.
808 2285 957 2368 urbieque
978 2285 1186 2347 conditorem

139 2402 298 2452 unctores.
324 2389 348 2449 A
358 2380 484 2481 fidene,
500 2390 585 2472 quod
600 2387 715 2473 piscem
731 2387 882 2472 significat
896 2385 978 2467 apud
990 2386 1184 2457 Phoenicen.

138 2486 270 2548 tierirat
286 2488 424 2550 lustinue
444 2501 498 2567 ιθ,
518 2503 549 2569 3,
566 2500 600 2568 4.
628 2491 662 2549 in
677 2508 740 2570 quo
753 2508 821 2550 non
837 2499 1016 2570 repugnant
1030 2486 1184 2550 Bochart.

138 2587 178 2651 in
195 2582 313 2673 Phaieg
329 2599 363 2667 4.
385 2601 443 2666 35.
460 2592 504 2653 in.
542 2590 703 2653 liciandua
722 2591 756 2650 in
777 2587 945 2651 Pairellina
961 2587 1018 2650 lib.
1037 2601 1073 2667 3.
1090 2608 1125 2670 p.
1141 2608 1186 2652 m.

145 2692 232 2768 746.
262 2703 294 2752 et
310 2685 475 2753 Michaelis
494 2693 528 2753 in
544 2692 663 2776 Gcogr.
679 2689 779 2753 liebr.
794 2688 831 2753 1¹.
849 2692 881 2752 h.
904 2708 974 2772 pag.
996 2704 1029 2751 2.
1059 2702 1187 2751 tanturn

142 2792 231 2870 'quoti
257 2811 313 2873 per
332 2781 507 2882 piscatum,
540 2812 608 2854 non
630 2789 747 2874 piscem
772 2790 940 2873 explicant.
992 2790 1080 2850 Hine
1106 2808 1186 2852 vero

129 2890 240 2954 ·etiam
259 2893 422 2955 Michaelis
438 2895 472 2954 in
485 2891 680 2955 iocoGenes.
696 2912 749 2960 to.
770 2903 823 2970 ¹5·
846 2893 928 2953 iilius
943 2891 983 2951 de
997 2890 1078 2953 urbe
1093 2892 1188 2953 malit

140 2993 335 3077 intelligere.
371 2995 445 3065 lilii,
467 2995 605 3057 maxime
622 2992 786 3075 scriptoree
798 2992 979 3073 Byzantini‚
1001 3007 1039 3053 nt
1053 2992 1188 3057 Matutae

139 3093 179 3157 in
194 3095 364 3180 chronogr.
383 3095 436 3158 lib.
450 3109 482 3176 5.
498 3097 687 3178 p.23.Ven.
705 3115 722 3156 a
739 3093 826 3162 Sido.
850 3086 986 3178 Aegypti
1004 3093 1091 3167 iiiio;
1119 3094 1186 3160 Eu·

143 3194 234 3260 statii.
252 3197 291 3259 ari
309 3196 443 3278 Dionys.
462 3218 494 3261 r.
511 3212 596 3277 912.
613 3195 728 3267 astae.
749 3195 819 3257 Beli
835 3196 908 3258 lilla.
951 3195 1002 3255 De
1024 3194 1188 3259 Cothonis

135 3304 257 3375 *etymo
281 3300 474 3384 cogitaverat
495 3300 591 3360 etiam
616 3297 797 3365 Michaelie.
827 3308 861 3359 et
879 3295 967 3378 plura
983 3315 1011 3357 c.
1033 3296 1057 3358 1.
1079 3294 1122 3358 de
1144 3317 1186 3360 en

141 3396 255 3460 adfert.
296 3400 388 3463 Urbir
410 3400 590 3480 antiquitat.
613 3416 672 3478 qua
686 3411 720 3458 et
734 3399 857 3476 Tyrum
875 3395 1006 3479 superet.
1030 3416 1069 3458 ex
1088 3399 1188 3461 dicite

142 3497 282 3576 ariparct.
328 3499 424 3584 Quod
448 3498 607 3582 duplicem
628 3498 779 3579 producit
795 3498 1014 3578 Hieronymus
1034 3498 1070 3563 in
1093 3498 1189 3563 Ouo·

140 3595 273 3658 mastico
295 3595 315 3658 s.
335 3618 368 3660 v.
387 3599 491 3670 Corra,
523 3597 657 3659 dubium
679 3595 721 3658 eii
740 3617 779 3661 ex
798 3599 932 3660 aliorum
956 3597 1092 3663 silentio.
1145 3603 1186 3667 ln

139 3693 307 3758 Phoenice
324 3713 450 3776 ponunt
469 3715 598 3765 omnes.
624 3697 757 3778 eintque
773 3698 987 3762 celebritatem
1004 3702 1101 3764 varila
1116 3701 1187 3786 epi.

137 3795 240 3857 rhetis
263 3795 436 3866 declarant,
463 3809 500 3858 ut
522 3789 744 3881 ἀνθεμόεσσαν
764 3798 919 3881 (Dionys.
934 3821 968 3865 v.
984 3805 1094 3886 913.)
1120 3799 1188 3869 ἐπί.

142 3914 256 3980 oppon.
276 3892 446 3977 (Eusebiue
460 3898 493 3957 in
504 3895 666 3957 onomast.
682 3897 715 3958 h.
731 3894 778 3979 v.)
804 3897 907 3992 iffi.
940 3899 1018 3982 (los.
1035 3920 1091 3982 19.
1107 3902 1186 3989 23.)

143 3991 267 4082 μητέρα
291 3992 446 4059 Φοινίκων
469 3994 618 4073 (Achillea
633 3997 745 4059 Tatiue
762 4000 848 4079 init.)
872 4004 1069 4083 metropolin
1088 4007 1186 4070 numi

137 4096 239 4165 §tiam
262 4092 318 4158 sub
336 4095 510 4168 enarrttr.
536 4094 807 4174 Diadumeniano.
833 4115 867 4164 et
889 4104 1086 4191 Elitgebrio.
1131 4106 1184 4173 Gi.
