2634 4716
209 403 260 463 ru
287 404 425 464 rour.
455 399 562 462 uua,
604 402 640 462 r„
661 369 687 460 12
729 405 761 465 u
784 405 835 465 rx„
877 403 956 477 aa.
1040 416 1103 484 255

59 576 228 662 syntagm.
241 596 271 642 ι.
295 597 322 640 c.
339 593 371 651 7.
388 598 420 660 p.
432 588 492 655 57.
528 575 580 642 (is.
597 579 693 640 eriam
712 579 803 643 Lobo
818 599 943 665 voyage
959 534 1103 644 d’Alrissl·

61 681 117 743 uio
132 680 173 742 T.
192 699 223 743 ι.
243 699 276 761 p.
291 693 371 757 132.
410 681 459 740 Ad
475 680 618 743 dextram
633 699 710 744 veru
724 685 816 767 regni
832 683 955 762 (imum
971 684 1012 744 ira'
1021 695 1102 746 terra
1211 694 1221 711 '

63 779 156 843 sacar
169 781 204 844 in
217 779 504 862 verriceDmglaa,
521 783 606 842 unde
620 796 707 845 recto
722 781 814 846 cursu
830 784 863 844 iu
879 784 984 845 lacum
1000 785 1102 846 Darae

60 895 95 944 et
115 882 183 944 Bed
204 895 334 968 pergat,
367 880 473 944 sontea
494 881 638 944 describit
660 885 832 968 Gregorius
855 880 1046 948 Habessanua
1064 887 1101 973 su

58 983 190 1066 epillola
204 1004 256 1047 au.
277 985 370 1060 1657
389 980 508 1065 scripu,
533 1004 627 1066 quam
644 985 980 1069 inseruitLudolphur
997 986 1103 1050 llisiu·

57 1086 126 1147 riae
148 1084 241 1171 Aetli.
264 1105 293 1154 a,
316 1097 350 1162 8.
389 1084 745 1165 Τὴονοηοι,(11ε11εη)
774 1089 814 1148 Τ.
840 1106 871 1150 a.
900 1109 933 1170 p.
953 1100 1037 1171 334.
1060 1106 1102 1152 ex

60 1186 168 1271 legato
188 1187 383 1268 Aethiopum
406 1188 582 1258 audierats
601 1185 705 1251 sontea
725 1187 786 1250 esse'
807 1190 840 1249 in
863 1190 995 1272 regione
1017 1196 1100 1271 Ago.
1158 1218 1170 1235 ·

61 1286 199 1353 Certum
216 1289 249 1348 id
265 1288 448 1370 praedicant
468 1290 564 1349 multi
585 1310 618 1353 v.
640 1310 667 1353 c.
699 1290 934 1372 Templemanu
954 1292 993 1352 ad
1017 1290 1119 1353 Nor··

60 1388 127 1453 den
151 1383 245 1451 nelle
268 1410 301 1471 p.
326 1390 409 1470 376.
462 1389 619 1454 Harduio.
645 1391 683 1453 ad
710 1391 793 1454 Plio.
817 1411 844 1454 c.
869 1392 891 1455 1.
917 1424 964 1440 --
991 1391 1101 1474 plum

61 1490 227 1570 iidemque
251 1491 346 1573 periri
365 1504 499 1574 negant.
528 1506 581 1552 aut
601 1506 685 1553 certe
706 1492 867 1556 dubitant.
918 1493 990 1556 vid.
1018 1513 1100 1575 quae

61 1585 227 1674 rliapulaut
246 1591 365 1654 llooke
388 1590 500 1667 (Reise
523 1594 602 1655 uach
628 1595 683 1655 ‹ler
700 1594 796 1655 Kiisle
817 1596 873 1657 dea
891 1594 1100 1680 gliicklicheu

59 1692 178 1770 Arno.)
200 1713 233 1775 p.
252 1707 331 1777 139.
365 1693 490 1754 Maillet
506 1693 597 1756 lettre
613 1710 646 1757 2.
669 1716 701 1776 p.
718 1709 776 1774 39.
793 1715 819 1757 c.
834 1695 856 1758 l.
888 1691 1013 1758 Voffiua
1028 1717 1056 1758 c.
1074 1697 1099 1762 l.

59 1796 330 1877 eap.16.p.54.
359 1795 473 1874 Heyne
490 1795 529 1856 ad
545 1795 665 1859 Tibull.
685 1816 715 1866 r,
735 1814 768 1874 7.
787 1811 846 1876 25.
876 1809 910 1859 er
929 1798 963 1859 in
983 1799 1099 1879 primia

59 1896 222 1957 d'ilnville
239 1898 273 1957 in
296 1895 411 1958 dissert.
432 1893 481 1957 sur
501 1897 546 1959 lea
570 1897 692 1958 sourcea
714 1900 757 1957 du
775 1897 831 1957 Nil
851 1912 933 1980 pour
947 1917 1098 1979 prouaer.

58 2001 161 2078 qu’ou
183 2012 225 2060 rie
245 1998 290 2059 lea
311 2018 329 2060 a
350 2000 444 2080 point
465 2017 580 2061 encore
601 1998 829 2071 decrruvertca3
863 2001 899 2060 iu
922 1999 1099 2069 Memoirea

60 2099 103 2160 de
115 2097 296 2161 l'rcademia
311 2128 358 2142 -
377 2098 417 2159 rle
431 2098 519 2161 Paria
530 2100 636 2161 Torua
648 2100 707 2162 26.
725 2120 758 2180 p.
774 2102 822 2180 46
836 2099 898 2181 sqq.
933 2101 995 2162 Hic
1008 2104 1099 2165 euim

59 2201 160 2275 docet
183 2199 319 2261 fluvium
343 2199 435 2260 illuur
457 2219 525 2261 nou
545 2199 648 2281 ipsum
672 2199 732 2261 esse
753 2199 884 2270 Nilum,
917 2197 969 2261 sed
988 2203 1097 2276 allum,
1138 2248 1142 2264 .

57 2303 117 2383 qui
133 2301 168 2362 sn
185 2320 261 2364 eum
277 2301 405 2373 influat;
426 2298 490 2383 ipse
505 2299 535 2364 se
549 2302 694 2385 igriorare
711 2286 836 2363 soletur.
872 2300 981 2364 Nossra
996 2316 1099 2367 aetate

60 2399 170 2465 sontea
185 2400 216 2465 sa
229 2401 422 2488 investigasse
439 2403 567 2463 iactavit
580 2402 692 2470 Bruoe,
708 2401 853 2485 (Travela
866 2399 905 2465 os
917 2401 972 2464 rhe
988 2401 1099 2469 source
1148 2472 1153 2495 1

60 2501 98 2567 os
119 2503 173 2566 the
194 2490 271 2566 Nile
284 2505 354 2566 Vol.
366 2518 399 2582 3.
416 2503 471 2564 ubi
488 2500 603 2586 mulla)
625 2522 742 2585 eoaque
760 2491 914 2565 indicavit
933 2504 1012 2567 latit.
1034 2499 1099 2570 ιοο

61 2600 122 2685 59‘
138 2597 201 2681 25''
213 2605 335 2690 longia.
354 2599 420 2682 36⁰
437 2598 494 2682 55'
516 2600 592 2683 50''.
643 2607 685 2666 At
697 2607 796 2666 etiam
809 2625 897 2668 nunc
912 2606 1009 2668 fidem
1027 2608 1099 2688 qui·

58 2709 133 2768 dam
157 2707 330 2790 derogant.
361 2708 394 2766 iu
418 2707 457 2767 iia
483 2725 586 2789 nuper
611 2707 753 2776 Rennel,
781 2706 857 2786 (alre
879 2704 1100 2791 geographica!

57 2806 172 2889 syllam
188 2805 225 2867 os
235 2809 418 2870 Herodotus
439 2827 469 2890 p.
480 2809 554 2887 436
572 2805 657 2893 sqq.)
679 2809 734 2889 qui
752 2807 834 2870 alvei
848 2822 973 2869 tantum
988 2807 1098 2873 soulea

58 2929 77 2973 a
96 2909 217 2972 Brucio
236 2925 396 2992 repertor,
421 2927 514 2970 veroa
533 2910 637 2971 adhue
653 2908 791 2993 ignorari
808 2923 908 2992 putat.
950 2906 1001 2972 Cs.
1016 2929 1098 2993 quae

57 3024 234 3085 rarouentur
256 3012 295 3071 ad
320 3012 422 3071 Bruce
444 3007 559 3071 Relsen
581 3012 615 3070 in
643 3011 786 3071 versione
813 3010 1000 3071 lliutelieosi
1022 3031 1096 3096 pag.

63 3124 137 3194 134
150 3110 213 3195 sqq.
239 3112 379 3174 Browne
395 3112 540 3187 (Travela
553 3133 585 3194 p.
596 3123 680 3192 473.
700 3109 722 3173 s.
741 3112 840 3172 verfio
854 3109 937 3200 Lips
954 3131 985 3193 p.
997 3112 1097 3190 654.)

59 3234 99 3278 ex
118 3215 254 3275 aliorum
270 3214 503 3276 narrationibus
520 3211 624 3273 sontes
637 3213 729 3293 pouit
747 3213 782 3272 iri
798 3210 965 3281 montibus
982 3213 1098 3276 Karmri

55 3316 188 3394 (Lunae
202 3334 297 3379 morra
311 3315 495 3377 Ptolemaeo
511 3327 545 3396 4,
561 3317 617 3393 9.)
636 3315 669 3372 in
686 3317 820 3396 regione
832 3312 969 3394 Dourga.

133 3466 334 3549 navigari
357 3456 516 3555 facilis
526 3463 563 3551 l
594 3463 694 3526 Mulli
712 3466 800 3524 enirn
818 3466 850 3525 in
873 3463 1018 3526 interiori
1035 3463 1096 3527 Ae·

55 3568 180 3651 ihsupsa
196 3568 324 3653 praealti
349 3567 466 3650 scopuli
488 3566 616 3626 alveum
632 3569 700 3628 eiua
719 3563 916 3648 exasperant,
943 3579 980 3627 ut
994 3562 1096 3629 Hero·

54 3675 153 3733 dotus
169 3670 225 3732 lib:
243 3688 275 3733 u.
292 3668 379 3750 [cap.
393 3660 473 3754 29.]
494 3666 609 3729 scribit.
637 3686 824 3730 vaurauva.
863 3666 930 3749 lpse
945 3667 1096 3730 structura
1182 3706 1187 3723 .

55 3773 192 3835 Graecae
207 3768 401 3840 assumar,
429 3766 465 3830 ut'
485 3789 514 3840 a,
526 3778 591 3849 ⁸13,
609 3780 644 3851 4,
690 3768 733 3830 Et
750 3768 789 3830 lic
805 3763 915 3852 paffiru
935 3766 1045 3830 similia
1060 3770 1096 3833 in

53 3872 174 3938 Nostro
193 3886 375 3935 occurrunt.

128 4024 255 4088 Nuus
278 4021 355 4116 est)
403 4023 430 4086 r.
453 4042 482 4085 a.
507 4021 642 4106 eicitur,
676 4022 749 4102 quaa
770 4033 862 4086 inter
882 4020 941 4085 alr·
959 4010 1094 4085 nomini
1141 4014 1144 4021 “
1204 3988 1209 4001 “

47 4129 154 4220 gerit,
176 4126 227 4189 uri
245 4124 355 4190 Noster
372 4123 438 4207 lpse
452 4123 601 4209 deinceps
617 4125 762 4206 explicat.
