2634 4716
230 383 293 450 ιι,
371 400 394 433 .-
500 372 663 435 Nostra
704 374 1009 434 exnoarrcta

228 544 336 609 llid'or.
360 545 450 633 Orig.
472 560 527 629 15,
551 564 608 612 19.
651 548 805 632 Megalia
828 562 937 611 autam
961 547 1136 634 Virgilium
1157 542 1274 607 dixill'o

229 660 345 711 monet
368 650 500 713 Servius
521 670 579 732 pro
603 653 768 734 magaria.
801 653 874 734 quia
897 668 1025 731 magar,
1059 667 1128 711 non
1150 646 1273 729 magal.

226 748 417 813 Poenorum
434 752 543 836 lingua
560 753 670 814 villam
692 752 854 837 significet.
892 753 955 815 Sed
974 752 1118 834 pluribus
1134 749 1281 834 magaria·

228 832 406 914 vilulicarit
431 855 608 916 bochartus
630 857 663 916 in
687 854 839 917 Cbauaan
859 873 889 925 r,
911 864 969 932 24.
995 867 1028 915 et
1050 853 1177 923 docuit,
1205 870 1275 912 ma·

226 954 315 1033 galia
333 968 478 1037 corrupte
494 953 559 1016 fere
575 958 699 1028 vocari,
729 969 763 1019 at
777 956 854 1026 esra,
879 969 915 1016 ut
930 957 965 1016 in
981 952 1176 1038 Carthagine
1191 952 1274 1015 anti·

226 1074 305 1134 qua,
330 1070 426 1135 portu
443 1072 475 1117 et
492 1076 561 1118 arce
577 1056 706 1139 demtis,
731 1059 889 1140 reliquum
905 1057 991 1119 urbis
1008 1058 1132 1117 civium
1150 1053 1274 1115 babita-

225 1156 309 1215 tioni
328 1156 528 1220 destinatum.
581 1157 704 1222 Diserte
723 1160 820 1223 etiam
834 1159 945 1242 Nepos
962 1159 1047 1240 apud
1061 1156 1214 1220 Servium
1229 1154 1273 1217 ad

116 1320 119 1325 .
225 1257 339 1339 Virgil.
357 1261 435 1320 Aen.
459 1279 487 1329 ι.
512 1270 595 1337 372.
629 1261 831 1346 Carthaginis
854 1273 976 1344 partem
1000 1260 1190 1321 interiorem
1214 1274 1275 1318 vo·

227 1371 329 1418 eatam
352 1359 412 1421 elle
432 1360 511 1422 dicit
529 1352 676 1453 Byrsam.
701 1365 891 1427 exteriorem
912 1362 1063 1442 magalia.
1100 1358 1272 1422 Salmaliua

223 1459 264 1519 ad
281 1459 381 1555 Solini
399 1482 430 1543 p.
447 1483 490 1524 m.
511 1479 593 1526 990.
616 1487 633 1526 a
650 1466 775 1545 Syriaca
791 1482 871 1526 voce
888 1463 996 1543 magal
1017 1465 1038 1525 i.
1055 1466 1084 1523 b.
1107 1457 1171 1522 falx
1186 1459 1270 1521 deri·

108 1588 111 1593 ·
225 1568 298 1632 vat',
324 1576 361 1623 ut
379 1563 415 1624 lit
430 1565 610 1626 aedilicium
627 1568 776 1654 lateribus
796 1564 881 1628 lalcis
898 1564 990 1626 instar
1007 1564 1161 1625 inurar-is.
1202 1560 1270 1625 Sed

224 1681 266 1723 ex
280 1664 440 1744 prioribus
453 1680 484 1726 et
500 1665 626 1730 aliunde
641 1670 805 1749 utriusque
821 1668 910 1729 vocis
924 1667 1133 1748 discrepantia
1148 1663 1270 1728 elucet.

224 1764 300 1825 Huc
333 1766 453 1844 aceedit
478 1770 599 1847 primae
629 1767 761 1849 syllabae
784 1767 945 1838 mensura,
978 1787 1041 1850 qua
1066 1769 1101 1827 in
1124 1764 1271 1845 magaba

223 1866 430 1948 producitur,
463 1883 572 1932 contra
605 1873 640 1933 ira
673 1871 817 1952 mapalia
850 1872 1032 1952 corripitur.
1081 1867 1141 1929 Illa
1166 1867 1269 1969 igitpt

222 1966 332 2029 stativa
354 1970 530 2041 domicilia.
564 1973 641 2034 baec
664 1972 844 2052 (mapalia)
873 1971 1014 2054 plaustris
1035 1981 1126 2032 vesta
1143 1981 1177 2031 et
1196 1984 1269 2031 rno-

223 2067 316 2140 bilia,
342 2091 437 2152 quare
453 2074 550 2133 etiam
571 2093 629 2156 pro
646 2075 791 2139 tentoriis
805 2070 905 2136 arani.
939 2074 1010 2133 Vid.
1028 2071 1129 2134 Tacit.
1148 2070 1268 2136 annal.

225 2183 259 2249 3.
280 2183 338 2251 74.
366 2185 400 2253 4.
420 2186 480 2250 25.
508 2173 580 2239 Liv.
597 2192 655 2255 29,
673 2190 732 2255 3¹·
750 2187 783 2253 3.
820 2176 861 2235 Et
878 2175 954 2235 hinc
970 2173 1094 2234 Plinius
1108 2184 1140 2249 5.
1151 2186 1187 2235 a.
1197 2171 1219 2236 i.
1231 2185 1267 2253 3.

224 2274 367 2353 mapalia
392 2264 475 2366 sua.
509 2277 569 2337 lroa
599 2276 644 2367 est
674 2277 801 2340 dontrm'
818 2274 968 2367 plarfirlr
996 2265 1266 2360 circumferentes.

221 2370 317 2436 Plura
335 2377 456 2438 dabunt
474 2393 595 2457 praeter
611 2378 783 2462 superiores
796 2378 838 2438 de
853 2391 984 2458 utraque
1000 2393 1080 2435 voce
1095 2373 1208 2436 Boliua
1224 2375 1267 2436 ad

222 2474 362 2559 Nepotis
377 2476 487 2566 fragm⁷
506 2499 535 2543 a.
553 2494 586 2559 3.
619 2482 736 2543 Savaro
753 2479 792 2539 ad
808 2478 920 2543 Sidon.
940 2476 1111 2558 Apollinar.
1126 2496 1159 2557 p.
1182 2493 1265 2540 tta.

221 2575 349 2640 Stltnal.
370 2581 404 2638 in
426 2580 528 2642 Solita.
550 2602 580 2662 p.
596 2600 641 2643 m.
659 2585 730 2660 2l9
748 2580 789 2660 tq.
822 2582 988 2662 inprimis
1010 2579 1114 2640 Ritrer
1136 2578 1177 2638 ad
1196 2577 1267 2639 Gu-

220 2677 303 2739 thrie
321 2713 366 2727 -
381 2679 469 2739 weit
482 2715 493 2727 ·
508 2680 621 2744 Gelclr.
644 2684 684 2744 T.
704 2693 737 2760 5.
758 2683 795 2742 P.
820 2698 852 2743 9.
875 2703 908 2763 p.
936 2695 982 2759 53
1000 2679 1041 2761 lq.
1075 2678 1132 2761 qui
1153 2670 1265 2741 tamen

220 2782 354 2862 magalia
370 2782 463 2842 unica
481 2795 600 2853 tuetur,
627 2784 763 2866 magaria
779 2802 895 2845 vocem
913 2782 1008 2844 nibili
1024 2792 1126 2863 putat,
1152 2796 1186 2843 et
1206 2782 1266 2863 qui

221 2879 291 2941 datu
322 2901 416 2964 opera
446 2882 486 2944 de
517 2883 653 2945 vocibus
686 2870 826 2965 mapalia
852 2896 885 2946 et
911 2883 1052 2964 magalia
1082 2882 1265 2963 disquilivit

220 2979 392 3069 (blagdeb.
416 2981 543 3066 1736.)
570 2984 729 3047 Callelitrs.
779 2985 903 3047 Similia
940 2983 1265 3067 autern‘mapalibua

221 3085 280 3144 alia
301 3088 397 3147 otiam
426 3089 553 3169 tuguria
584 3104 641 3169 per
671 3085 808 3150 lllrieam
832 3086 980 3169 Asiaeque
1003 3088 1121 3166 aliquas
1143 3102 1263 3167 parter.
1292 3144 1304 3161 ,

220 3189 323 3249 veluti
346 3188 430 3271 apud
454 3187 706 3271 Paropamisadaa
732 3190 767 3251 in
791 3184 908 3250 cannam
937 3189 1070 3251 modum
1095 3206 1263 3262 coeuntes,

220 3285 274 3349 [ed
294 3291 450 3351 laterculis
471 3288 617 3360 structas,
651 3292 684 3351 in
707 3289 767 3352 ulu
788 3287 878 3352 suilla
903 3289 1086 3365 disciturex
1109 3290 1261 3354 Diodoro

222 3389 284 3452 Sic.
310 3408 364 3465 17,
383 3403 443 3469 89.
475 3406 508 3453 et
531 3391 644 3455 Curtio
662 3407 695 3466 7,
720 3406 752 3472 5.
776 3403 811 3469 8.
862 3393 915 3455 sle
936 3413 953 3454 a
977 3389 1187 3452 tabernaculis
1207 3393 1264 3454 vel

218 3496 365 3555 tentoriis
380 3493 458 3552 dicti
480 3494 512 3555 iu
530 3492 642 3555 Arabia
659 3482 822 3563 Scenitas,
848 3492 889 3554 de
914 3494 1029 3574 quibus
1043 3492 1127 3554 Pliu.
1146 3503 1180 3570 8.
1198 3508 1261 3571 39.

219 3592 240 3655 l.
264 3606 322 3672 28.
348 3595 448 3657 Solin.
467 3615 493 3657 c.
513 3594 571 3673 36.
589 3592 609 3658 l'.
628 3609 686 3674 53.
737 3596 910 3676 Utramque
927 3609 1035 3656 autem
1058 3590 1261 3656 consuetudi·

216 3716 293 3758 nem
318 3697 351 3755 in
374 3698 550 3776 mapalibus
569 3709 602 3758 et
626 3696 800 3780 magalibus
822 3698 920 3758 etiam
941 3715 1028 3759 nune
1049 3693 1171 3758 serrare
1193 3696 1262 3758 illa-

187 3786 190 3793 ’
217 3819 290 3859 rum
326 3799 495 3881 regionum
524 3798 662 3879 populos
682 3812 783 3859 ¹notat
808 3795 860 3857 bic
888 3794 1011 3860 Voffius
1036 3811 1069 3857 et
1092 3800 1260 3859 confirmat

217 3901 314 3963 Sltaw
330 3919 356 3960 c.
375 3898 398 3960 l.
420 3898 461 3960 Τ.
479 3917 509 3962 t.
527 3919 559 3980 p.
578 3901 649 3977 369
667 3897 708 3980 sq.
732 3898 771 3961 tle
788 3895 919 3979 Kabylis
934 3913 967 3961 et
981 3897 1150 3968 aeduum,
1181 3918 1259 3981 quo·

218 4023 290 4065 rum
307 3986 353 4061 illi
369 4019 538 4071 montana,
567 4000 602 4061 hi
618 4001 707 4083 plana
723 4000 791 4061 loca
812 4013 933 4062 tenent.
977 4003 1020 4061 lli
1038 3999 1092 4060 lub
1110 4003 1260 4063 tentoriis

216 4116 331 4190 agunt,
348 4120 435 4186 quae
453 4101 586 4169 Arabiae
602 4102 799 4186 adpellantur
811 4098 960 4184 leymas
982 4101 1005 4169 l.
1021 4102 1100 4166 Brea
1115 4101 1143 4164 el
1161 4103 1262 4181 Sdar.
