2634 4716
143 423 234 474 ara⁴
412 405 919 471 northmanma!
995 456 998 461 .
1063 434 1067 448 ·

142 599 295 653 neutrum
314 582 456 647 ufitatiue
472 560 515 647 est
530 597 563 647 et
580 581 662 647 forte
684 584 865 667 antiquina.
889 594 930 645 ut
945 579 1056 645 limilie
1072 577 1191 645 Orien·

144 689 187 765 tir
205 688 357 758 nomina;
390 684 548 749 feminino
570 687 688 770 legitur
712 685 797 769 apud
819 684 1029 767 Procopium.
1083 683 1191 745 Muta·

142 800 216 852 tum
242 806 364 851 nornen
388 788 513 851 transiit
537 789 570 848 in
594 788 722 850 Arsinoe
746 807 763 849 a
785 784 964 849 Ptolemaei
982 777 1197 868 Philadelphi·

143 889 251 955 sorore
278 903 311 951 et
336 908 453 960 uxore.
485 902 521 950 ut
547 885 643 951 refert
668 888 849 970 Stephanus
872 887 906 952 h.
927 908 961 950 v.
994 907 1034 950 ex
1058 885 1191 966 Cyrene

142 1007 267 1055 auctam
274 996 288 1062 ,¹
308 1006 394 1053 certe
409 991 586 1060 Teuchira‚
611 991 710 1052 tradit
726 988 835 1052 Schol.
852 988 995 1053 Pindari.
1036 987 1063 1051 A
1081 988 1192 1050 Ptole·

142 1095 248 1156 anaide
263 1106 435 1154 removent
445 1092 572 1155 Plinius
587 1104 619 1152 et
634 1091 810 1153 Martianus
827 1106 886 1154 99.
903 1091 949 1154 Μ.
960 1091 997 1154 Ρ.
1026 1090 1198 1174 Antonini

143 1196 216 1258 itin.
243 1193 300 1257 96.
336 1193 440 1256 tabula
466 1209 526 1257 ao.
576 1192 748 1256 Posteriori
774 1204 875 1254 aetate
901 1189 1037 1274 priscum
1064 1210 1191 1254 nornen

142 1296 265 1359 abolito
286 1294 384 1356 altero
408 1308 595 1357 revocatum
615 1292 693 1365 eise,
727 1293 842 1377 probat
861 1314 924 1356 una
946 1294 1033 1355 illiue
1054 1295 1190 1375 repetita

25 1410 30 1419 “
143 1400 270 1461 mentio
296 1397 331 1456 in
357 1396 408 1460 hfe
432 1397 626 1460 auctoribus.
678 1397 857 1478 Imperator
878 1390 1070 1457 Iustiniauue
1090 1394 1191 1458 novit

144 1498 294 1580 operibus
308 1500 439 1561 muniit.
460 1499 611 1583 (Protop.
626 1510 654 1561 c.
668 1495 706 1577 l.)
742 1496 851 1560 Hodie
867 1497 938 1560 aliia
952 1495 997 1560 est
1014 1494 1191 1569 Tractare.

141 1600 212 1662 aliia
238 1596 383 1662 Trahere.
533 1596 536 1601 '

218 1814 342 1886 eatque
367 1750 513 1897 unde).
550 1788 653 1879 Sica.
670 1814 704 1879 3.
724 1818 755 1867 t.
783 1801 817 1873 6.
834 1801 870 1866 6.
885 1813 966 1881 et9.
996 1814 1029 1878 7.
1053 1797 1188 1880 13.bit.

135 1905 205 1981 §ed
222 1905 358 1967 omnino
374 1904 490 1967 talibue
506 1900 652 1967 formulis
665 1904 816 1986 periodoe
832 1904 923 1967 finire
935 1902 1021 1965 Mela
1036 1901 1127 1975 solet,
1149 1915 1190 1967 ut

140 2007 286 2090 exempla
297 2006 427 2068 -docent
446 2006 481 2067 in
500 2004 616 2071 differt.
634 2006 675 2068 de
692 2004 778 2068 Mela
793 2025 862 2089 cap.
877 2019 913 2084 7.
931 2003 1103 2090 pmpolita.

220 2205 436 2292 Cyrene)
487 2206 543 2269 Gr.
575 2198 718 2295 Κυρήνη.
764 2205 874 2269 Latini
904 2200 1004 2270 etiaiu
1042 2206 1189 2290 Cyrenen

141 2311 271 2380 dicunt,
304 2323 342 2370 ut
362 2320 560 2371 monuerunt
583 2306 711 2393 Salmas.
733 2306 773 2370 ad
793 2308 895 2372 Solio.
918 2329 952 2391 p.
974 2328 1020 2372 m.
1039 2310 1125 2389 1164.
1150 2320 1186 2374 et

139 2413 322 2496 Weffeling.
339 2414 377 2472 ad
396 2411 554 2474 Antonini
576 2409 682 2472 itiner.
700 2429 733 2492 p.
751 2408 811 2488 63.
832 2410 1015 2492 docentque
1031 2411 1185 2493 'exempla

140 2513 465 2596 Lexicographorum.
518 2511 678 2574 Conditor
707 2510 837 2583 Battue.
873 2510 916 2575 de
945 2530 1010 2594 quo
1042 2512 1185 2594 plurima

50 2657 53 2660 »
138 2613 268 2684 Pindar.
294 2612 440 2690 Pyth.4.
476 2610 713 2692 Herodotum.
740 2625 808 2692 155
826 2611 867 2695 sq.
889 2612 1023 2694 aliique.
1054 2615 1112 2695 qui
1134 2612 1184 2677 ibi

84 2729 88 2737 ‘
138 2716 359 2796 producuntur
375 2733 391 2773 n
408 2713 488 2773 viria
501 2713 620 2782 doctis.
644 2714 874 2796 aSpanhemio
889 2715 927 2775 ad
943 2714 1132 2780 callimach.
1146 2716 1185 2778 iu

138 2816 243 2896 Apoll.
260 2834 291 2876 v.
304 2815 363 2891 65.
390 2826 423 2874 et
438 2832 455 2873 a
469 2813 644 2875 Starereno
659 2815 692 2873 in
704 2812 834 2877 Misceli.
848 2812 1017 2879 observatt.
1033 2816 1107 2878 Vol.
1125 2835 1181 2880 ro.
1208 2847 1210 2850 ·

137 2935 170 3000 p.
189 2903 272 2996 588.
305 2915 392 2977 Hine
407 2913 565 2994 Cyrenaei
580 2913 956 2978 dicunturBattiadoea
969 2916 1049 2979 Silio
1068 2935 1099 2988 9,
1118 2919 1181 2982 61.

141 3031 173 3099 3.
199 3030 281 3094 253.
312 3030 346 3079 et
366 3014 578 3082 Callimachus
605 3015 778 3079 Battiades
801 3016 853 3079 vel
878 3019 989 3080 eadem
1013 3019 1054 3080 de
1080 3017 1183 3093 eausa,

137 3120 190 3197 ael
205 3119 291 3201 quoti
307 3139 347 3194 err
366 3117 522 3203 progenie
538 3115 625 3179 Batti
644 3113 717 3182 ruit.
754 3114 842 3179 Hinc
857 3136 936 3180 vero
950 3120 1037 3181 Batti
1054 3140 1181 3184 memo·

56 3292 61 3302 Ι
136 3222 215 3300 riam
238 3223 273 3282 iu
297 3221 422 3287 nurnie.
453 3219 580 3301 qualem
600 3218 654 3280 hic
668 3219 820 3304 produxit
834 3219 932 3282 etiarn
948 3216 1090 3303 Voffiur.
1120 3220 1182 3286 ier·

74 3312 82 3325 ’
135 3335 240 3382 vatam
271 3321 331 3383 elie
363 3334 455 3403 putat
485 3320 659 3404 spanhem.
692 3322 733 3383 de
763 3318 823 3382 usu
847 3350 898 3365 ·-
923 3341 1016 3386 num.
1047 3320 1180 3391 vot...

132 3441 168 3505 p.
189 3437 260 3501 297
276 3422 318 3505 [q.
348 3419 578 3506 refragantibut
597 3435 704 3484 tamen
726 3421 812 3494 aliie,
845 3442 926 3505 quoa
944 3423 1095 3487 nominat
1105 3424 1180 3490 tt·-

134 3519 206 3601 [che
221 3526 255 3585 in
272 3524 349 3586 Lex.
369 3544 461 3584 nunt.
480 3523 520 3585 T.
541 3542 572 3587 1.
588 3524 625 3586 P.
649 3543 678 3588 1.
700 3543 733 3606 p.
753 3538 859 3604 1479.
893 3525 977 3610 Quia
992 3544 1072 3589 vero
1087 3526 1179 3591 The·

132 3643 223 3687 raeue
246 3625 299 3685 itte
318 3622 395 3694 tuit.
428 3623 646 3688 'Pheraeorum
675 3626 728 3687 alii
756 3627 915 3689 coloniam
943 3629 1072 3691 ro‘caut.
1119 3625 1177 3697 Cf.

131 3726 253 3789 Sallust.
271 3728 342 3810 lug.
359 3747 387 3788 c.
406 3746 463 3810 19.
490 3725 604 3788 Strabo
619 3739 673 3800 t7.
690 3746 723 3809 p.
739 3739 823 3806 575.
840 3727 956 3807 s·837·
984 3728 1177 3798 callimach.

130 3825 165 3888 iu
188 3828 290 3908 Apoll.
314 3847 345 3890 v.
371 3841 417 3906 73
433 3825 475 3909 sq.
508 3825 638 3891 Pausan.
665 3840 699 3907 3.
725 3841 781 3911 14.
833 3830 918 3913 Quia
939 3849 1038 3914 porro
1066 3831 1176 3898 Thera

128 3927 357 4013 Spartanorum
374 3927 434 3988 fuit
451 3928 584 3999 colonie.
606 3927 754 4016 (Pindar.
769 3930 867 4011 Pyth.
885 3953 916 3994 r.
927 3943 971 4008 81
986 3930 1029 4015 iq.
1057 3933 1174 3999 strato

127 4048 155 4099 e.
170 4030 192 4092 1.
227 4028 369 4092 Eustath.
393 4032 432 4090 ad
450 4029 583 4109 Dionys.
599 4050 632 4094 v.
647 4028 755 4117 215.)
777 4033 855 4096 inde
877 4047 910 4096 et
928 4034 1173 4112 Cyrenaeorum

119 4149 227 4220 genua
248 4134 289 4199 ari
311 4132 482 4219 Spartanae
497 4131 596 4201 refert
618 4130 773 4218 Ioiephtu
794 4134 894 4222 deii.
911 4128 986 4203 iud.
1002 4150 1035 4211 9,
1060 4137 1116 4210 ro.
1131 4146 1169 4219 4.
