2634 4716
229 410 271 481 44
400 436 414 453 -.
499 399 659 461 NOTAE
699 396 1005 458 ExEGET'tcAB

306 576 437 636 minus
463 572 583 656 mile)
633 574 821 636 Herodotus
843 574 900 635 lib.
920 584 955 653 4.
982 575 1031 652 [o.
1047 573 1130 652 85]
1156 571 1272 637 Strabo

231 676 308 755 [lib.
332 697 361 737 2.
379 698 410 758 p.
424 688 481 755 85.
496 673 515 738 l.
533 679 634 756 rotp]
650 674 774 769 floralis
788 667 924 766 septem.
960 676 1082 736 Plinius
1099 675 1155 735 lib.
1174 677 1208 738 6.
1227 676 1271 740 itt·

106 794 111 815 ¹
232 764 465 869 arrgrrsline'od
489 768 729 867 Hellespontum
750 789 821 854 875
845 767 990 865 poffrnmr
1018 790 1051 836 et
1075 775 1130 838 lib.
1151 789 1184 851 5,
1213 790 1272 856 39.

231 879 278 958 [l.
295 882 379 957 4o.]
412 877 556 959 Abydum
579 878 748 969 oppidum,
778 875 833 938 obt
855 875 1019 968 angustiae
1039 886 1061 950 7
1072 874 1271 969 stadiorum.

157 970 161 976 ⁵
229 980 414 1063 Xenophon
430 998 507 1040 vero
524 978 579 1040 lib.
594 997 626 1041 ν.
649 979 698 1058 [c.
719 1000 748 1050 ι,
767 983 846 1060 21.]
866 975 1068 1063 Ἑλληνικῶν
1083 979 1273 1060 quindecim.

229 1101 438 1144 crocconrva.
491 1080 710 1143 Latitudinem
729 1102 799 1143 eam
820 1079 893 1142 laoit
909 1081 1091 1162 Xenophon
1111 1082 1151 1141 ad
1169 1083 1272 1165 Aegon

228 1199 396 1268 potamos,
435 1201 570 1261 cumque
604 1202 643 1243 eo
676 1181 834 1243 consentit
859 1181 1020 1244 Plutarch.
1048 1184 1082 1243 in
1110 1181 1272 1261 Lysandro

231 1306 259 1346 o.
282 1307 337 1347 rr.
386 1283 425 1343 llt
450 1285 548 1343 nimia
572 1284 609 1344 ad
637 1283 787 1362 Abydum
810 1285 968 1344 contrahit
989 1283 1102 1362 Polyb.
1130 1285 1193 1354 16.
1215 1299 1270 1363 29.

230 1387 310 1446 duro
327 1385 393 1445 rlno
413 1397 538 1444 tarrtnm
554 1384 648 1446 stadia
670 1387 772 1466 ponit.
823 1387 873 1446 De
891 1383 1009 1469 [eptem
1027 1386 1129 1446 lladiia
1153 1385 1273 1447 constal

228 1488 286 1549 fibi
304 1487 426 1547 Plinius
443 1486 538 1546 etiarn
551 1496 588 1563 4,
611 1496 664 1562 ¹8·
680 1483 701 1548 l.
715 1504 771 1550 ιι.
793 1497 877 1546 etex
900 1507 940 1549 eo
960 1488 999 1547 src
1014 1487 1129 1568 repetit
1144 1486 1272 1549 Martia·

231 1596 294 1651 rins
316 1587 443 1670 Capella
467 1587 524 1648 lib.
540 1589 574 1649 6.
595 1607 626 1668 p.
646 1606 690 1649 m.
710 1604 793 1650 ora.
817 1605 892 1648 cum
913 1589 1023 1651 solino
1046 1608 1073 1650 o.
1095 1598 1150 1665 18.
1167 1586 1191 1650 l.
1215 1602 1268 1652 ro.

232 1690 305 1751 virt.
327 1690 366 1748 ad
388 1688 505 1749 Melam
529 1703 561 1758 ν,
585 1703 620 1757 2,
645 1702 679 1763 7.
714 1706 918 1753 Tzacttr’crtn.
977 1690 1064 1749 Hinc
1088 1688 1156 1751 oso
1185 1690 1272 1753 cerni

230 1804 372 1875 potarat,
398 1802 435 1851 ut
448 1786 544 1853 refert
560 1788 674 1852 Livlua
690 1802 748 1870 33,
771 1793 827 1861 ro.
843 1800 879 1868 5.
909 1810 935 1854 r.
952 1786 1151 1854 onooovrva
1166 1792 1248 1857 MS.

303 1990 475 2074 loarot)⁴
504 1996 554 2056 Do
585 1993 794 2075 Propontide.
835 1992 1015 2056 Aristotelea
1039 2013 1067 2058 o.
1090 1993 1112 2056 l.
1143 1988 1273 2059 orlani·

228 2096 342 2160 νεσθαι
369 2096 432 2155 hoc
452 2093 539 2156 lenio
565 2096 605 2156 de
629 2097 735 2159 Ponto
758 2097 904 2168 Euxino,
937 2099 987 2157 uti
1010 2095 1051 2158 ἀν
1069 2094 1271 2180 Propontide

227 2197 433 2280 Agathemer.
451 2212 485 2269 ν,
509 2208 566 2277 ¹4·
585 2216 662 2260 curn
680 2196 801 2262 nolito.

172 2400 175 2405 ’
227 2430 234 2454 ι
303 2420 416 2482 quom
440 2390 558 2489 fnit.)
595 2402 633 2461 ln
649 2398 868 2482 Hellesponto.
903 2399 989 2462 Nam
1007 2401 1063 2483 qui
1079 2400 1270 2483 plurimum,

226 2499 321 2562 llarlia
342 2514 373 2577 5.
400 2503 429 2560 ei
453 2504 609 2563 tribuunt.
661 2503 751 2584 Quae
770 2505 916 2583 proxime
935 2501 1153 2575 lubiiaionrrrr,
1175 2505 1271 2591 relpi·

228 2603 321 2662 ciunt
342 2602 516 2661 Thracium
540 2602 729 2683 Bosporum,
756 2605 797 2664 de
812 2608 903 2664 cuius
919 2604 1067 2688 angustiis
1091 2607 1157 2668 vid.
1181 2610 1222 2668 ad
1242 2629 1270 2681 r.

140 2702 144 2709 '
232 2720 290 2780 19.
310 2714 343 2778 5.
378 2704 429 2763 Sic
451 2722 528 2763 vero
552 2686 722 2775 στεννῦτμι
748 2705 949 2787 Agathemer.
967 2722 1001 2778 Ω,
1032 2718 1087 2786 ²4·
1120 2707 1270 2789 Spatium

228 2802 371 2885 arlpolite
389 2803 443 2863 hio
460 2805 610 2886 adpellari
632 2819 722 2866 notat
740 2806 921 2871 Cicconiua.

302 3006 544 3090 occeptum)
595 3009 642 3069 lta
659 3008 781 3071 inverse
798 3007 876 3071 solet
895 3010 1043 3081 domari,
1067 3011 1153 3091 quod
1171 3013 1270 3076 intrat

225 3107 261 3169 in
282 3120 413 3176 terram,
429 3111 542 3171 'linum
564 3139 614 3154 -
650 3111 772 3173 Eodem
792 3108 879 3172 lenio
902 3114 998 3173 etiam
1022 3107 1132 3195 passim
1150 3117 1186 3175 in
1202 3116 1270 3179 aliia

226 3210 353 3294 legitur,
370 3222 407 3270 ut
420 3215 569 3295 excipere,
588 3213 728 3292 recipere.
764 3214 836 3275 vid.
851 3216 890 3274 ad
906 3235 934 3286 1,
950 3229 983 3290 7.
1002 3227 1033 3292 5.
1050 3225 1083 3276 et
1098 3216 1133 3275 in
1146 3218 1267 3282 indice.

250 3430 253 3437 '
305 3414 475 3497 ingens)
523 3417 576 3478 Sic
599 3417 715 3477 iterum
740 3437 767 3486 ι,
791 3433 846 3496 ι9,
863 3419 896 3481 6.
936 3414 1072 3513 Voflnm
1096 3420 1268 3483 marePli·
1308 3502 1311 3507 .

225 3517 302 3579 ntur
317 3530 352 3594 4.
370 3527 426 3596 ot.
438 3514 458 3579 l.
475 3533 531 3581 ιν.
545 3519 584 3578 de
596 3519 702 3582 Ponto
711 3521 856 3615 'Euxino
877 3516 930 3584 Cf.
952 3542 982 3592 ι,
1003 3542 1015 3580 ι
1022 3537 1057 3600 9.
1076 3522 1110 3584 6.
1135 3523 1268 3605 Magna

225 3618 322 3701 polus
342 3619 385 3681 eli
405 3620 551 3684 Maeotia.

300 3821 394 3903 oro)
444 3824 495 3883 De
518 3820 659 3905 Ilnlporo
675 3825 813 3888 Thracio
835 3842 867 3889 et
890 3827 1067 3891 Cimmerio
1091 3828 1154 3888 rlioi
1178 3827 1267 3902 lolot,

226 3925 276 3985 uti
288 3926 399 3985 multia
415 3927 578 4005 exemplis.
600 3929 696 3987 etiarn
714 3930 775 3988 hoc
790 3933 899 4008 polito,
924 3931 1073 3992 nrllirnxir
1089 3931 1266 3995 linnnann.

225 4030 263 4086 ad
284 4027 392 4088 Vellei.
412 4043 443 4095 ν.
470 4046 547 4088 ror.
574 4028 627 4088 Sic
641 4030 864 4110 Apollonllh.
886 4055 913 4102 ι,
931 4049 963 4093 o.
987 4028 1120 4097 πόντοιο
1139 4028 1266 4119 oro'pot
1310 4066 1312 4079 =

223 4128 352 4192 Pindar.
373 4128 470 4209 Pyro.
493 4138 529 4208 4,
555 4130 640 4211 565.
664 4119 809 4199 Ἀξείνου
831 4130 951 4228 στόμα.
1003 4135 1067 4197 Sed
1084 4146 1117 4196 et
1132 4136 1173 4197 ad
1190 4137 1271 4200 alim
1304 4168 1312 4195 r
