2656 4702
220 402 291 493 aaa
490 368 654 463 uoraa
690 364 999 464 axaoarrcaa

226 578 328 648 Hunc
343 596 423 642 vero
441 578 581 641 alterum
596 574 727 641 Tanain
749 581 899 642 canalem
915 575 1066 651 arbitror,
1093 572 1151 664 qui
1167 575 1279 643 Coro·

228 683 415 773 conclamen
431 676 570 743 insulam
586 678 676 753 lacit,
694 680 736 742 de
748 666 812 766 qua
826 681 930 765 supra.
956 679 1135 744 Maeotidis
1152 679 1283 744 ostium·

228 784 343 852 Buriic
355 798 454 847 vocat
466 780 714 863 Constantin.fc.
725 784 747 845 l.
774 785 811 844 ln
827 781 981 845 maximia
998 799 1108 845 autem
1116 784 1273 868 Europae

157 902 162 909 '
189 928 197 937 ›
228 878 341 950 fluviia
361 881 485 946 Tanais
501 885 697 948 recensetur.
720 882 855 964 (Sc'ylax
877 907 909 969 p.
929 900 987 962 30.
1003 885 1105 947 Hudl.
1132 884 1273 968 Agathe·

228 1008 311 1053 mer.
329 1005 362 1059 9.
384 1007 439 1049 ιο.
456 990 525 1065 -)
568 982 767 1048 'ferminum
793 988 885 1048 llsrae
911 1001 945 1048 rt
969 989 1123 1070 Europae
1149 983 1185 1046 in
1212 983 1281 1047 illo.

228 1086 380 1178 plerique
401 1086 555 1160 statuunt,
576 1103 615 1149 ut
629 1085 758 1148 dictum
774 1086 817 1149 ell
831 1087 872 1149 ad
895 1111 924 1160 ι,
947 1111 975 1149 ι.
989 1088 1012 1150 s.
1044 1084 1198 1165 Scythiae
1208 1083 1275 1149 ·tri·

212 1194 338 1264 ⁸imunt
351 1184 469 1261 multi,
501 1205 539 1252 ut
553 1190 749 1250 Plutarchus
765 1186 821 1250 ille
837 1208 865 1251 c.
887 1191 909 1250 l.
936 1186 1051 1251 Vibiua
1074 1189 1171 1274 Sequ.
1190 1189 1225 1250 h.
1237 1208 1274 1251 v.

231 1288 368 1356 Servius
378 1285 541 1372 adVirgil.
552 1292 670 1373 Georg.
680 1300 716 1370 4,
728 1301 812 1368 5ι7.
835 1304 869 1351 ct
882 1287 963 1352 hinc
977 1291 1159 1373 Sc'ytlricum
1174 1301 1279 1351 vocat

228 1396 355 1456 Lucan.
365 1410 400 1472 9,
412 1400 455 1470 4ι
466 1405 499 1468 3.
534 1392 662 1474 Nempe
677 1410 736 1474 per
750 1389 919 1473 Scythiam
935 1407 968 1453 et
983 1388 1177 1453 Sarmatiam
1192 1389 1276 1451 flue·

196 1490 201 1501 ’
228 1495 303 1565 bat,
334 1506 373 1554 ut
395 1490 496 1553 refert
517 1489 655 1573 Dionys.
671 1513 703 1553 v.
725 1504 778 1571 15.
814 1507 847 1555 et
872 1490 950 1578 quia
984 1488 1144 1555 Sarmatia
1178 1491 1277 1573 saepo

122 1632 125 1639 ·
229 1615 306 1683 para
321 1591 477 1674 Scythiae
492 1592 614 1665 fertur
642 1590 752 1655 latiori
771 1590 925 1655 etiamid
944 1591 1103 1664 serrsufit,
1126 1592 1280 1675 quodde

228 1693 417 1765 Maeotide,
445 1694 486 1755 de
503 1714 569 1781 quo
585 1695 627 1757 cs
643 1692 791 1758 Oberlin.
808 1694 850 1755 ad
866 1691 999 1754 Vrbaum
1015 1695 1113 1777 Sequ
1137 1715 1170 1776 p.
1190 1708 1277 1773 799

229 1799 272 1861 Η
289 1796 395 1868 Dan,
410 1794 543 1858 Talaria
564 1795 689 1857 Tanos.
705 1793 818 1856 Dana.

307 1896 514 1981 derectus)
564 1898 646 1980 Apte
664 1885 843 1977 sequentia,
870 1890 1014 1976 impetus
1035 1890 1177 1956 notione
1204 1895 1278 1957 sub·

229 1999 331 2086 posita
356 1999 470 2059 verbo.
521 1990 742 2076 Praecipitem
768 1994 899 2056 cursum
921 1990 971 2055 illi
997 1993 1150 2058 tribuunt
1173 1994 1278 2058 etiam

232 2096 301 2171 alii,
327 2113 360 2160 et
374 2096 510 2179 Dionys
519 2115 551 2158 v.
559 2095 644 2174 664.
669 2095 763 2168 adeo,
785 2089 900 2180 πηγαὶ,
921 2093 1043 2181 inquit,
1063 2094 1184 2185 τὴλοθι
1200 2120 1279 2188 μορ·

195 2232 198 2239 ·
227 2192 395 2296 μύροισιν
667 2222 671 2233 ·

308 2297 456 2383 iuxta)
504 2293 582 2361 Pan
597 2297 711 2370 modo
734 2294 869 2383 pariter.
902 2298 1027 2362 Sallust.
1043 2297 1141 2363 Catil.
1158 2300 1209 2380 [9.
1225 2300 1278 2385 8.]

228 2421 338 2468 aarum
359 2422 417 2486 ego
436 2401 540 2463 viam
563 2411 752 2484 mortemque
776 2401 871 2463 iuxta
895 2400 1044 2494 aeslumo.
1087 2420 1276 2465 vanrauva.

231 2500 360 2570 imitari
392 2499 526 2564 videtur
552 2500 666 2562 Noster
690 2497 827 2563 voluisse
852 2499 988 2563 Livium
1007 2514 1040 2580 5,
1063 2504 1097 2573 6,
1120 2515 1153 2581 5.
1180 2506 1289 2581 irtxta,

234 2609 336 2672 hieme
350 2614 446 2687 atquo
459 2599 580 2696 astate
593 2599 672 2663 baua
687 2622 799 2683 germ,
822 2601 881 2665 ubi
896 2606 1044 2680 iuxtagex
1062 2600 1277 2688 praepositio·

158 2702 162 2707 ’
233 2728 278 2771 nc
295 2706 472 2788 degenerat
486 2701 521 2764 in
539 2700 744 2764 adverbium.
772 2723 797 2767 ι.
818 2696 1014 2768 oaonovrr'a
1030 2705 1105 2768 MS.
1130 2706 1196 2766 ·De
1213 2706 1293 2773 bac.

231 2802 369 2872 dicendi
398 2803 503 2866 forma
530 2804 572 2867 cs.
599 2803 769 2885 Cortead
790 2805 915 2868 Sallust.
939 2825 967 2872 c.
992 2808 1013 2866 l.
1047 2802 1107 2869 ubi
1129 2822 1163 2868 et
1184 2806 1278 2870 bunc

232 2910 343 2974 Melae
356 2907 468 2969 locum
483 2902 652 2991 adposuit,
663 2924 665 2929 ·
677 2906 845 2968 Drakenb.
862 2906 903 2968 ad
918 2891 991 2968 Liv.
1008 2917 1070 2986 4ι,
1088 2908 1122 2980 6,
1146 2930 1201 2972 ιο.
1237 2910 1277 2971 ln

230 3004 304 3095 ipsa
327 3023 437 3070 autem
460 3029 495 3069 re
523 3002 723 3070 dissentiunt
748 3005 821 3080 alii,
860 3023 894 3069 et
914 3003 1048 3087 Dionys.
1068 3031 1101 3070 v.
1118 3011 1189 3085 667
1208 3008 1276 3095 sqq.

235 3106 377 3197 glaciem
409 3130 450 3170 ex
478 3105 580 3170 variis
610 3105 737 3171 effectio
763 3105 877 3170 vivide
910 3106 1085 3182 describit,
1123 3111 1180 3174 eall
1206 3109 1277 3174 llill

234 3232 309 3302 pag.
328 3211 413 3290 946.
438 3210 480 3271 de
502 3206 596 3295 aquia
610 3206 755 3294 adripa'e
770 3205 913 3294 intelligi
928 3214 1015 3273 vulo·
1035 3209 1229 3292 Dionysium
1245 3226 1280 3275 et

237 3310 296 3380 bie
309 3312 454 3376 reddunt
470 3308 584 3374 livien.
599 3333 631 3372 v.
648 3324 707 3389 33.
730 3324 764 3373 et
777 3307 935 3376 Priscian.
952 3328 984 3374 r.
1002 3315 1086 3391 655.
1119 3314 1220 3397 Quod
1234 3313 1278 3378 de

221 3411 382 3487 ‚brumali
402 3410 516 3496 rigore·
536 3409 721 3496 praemittit
739 3412 870 3485 Noster,
903 3412 1102 3478 confirmant
1123 3411 1179 3476 alii
1201 3433 1277 3500 pro·

195 3578 199 3587 ,
238 3514 351 3581 lixiua.
391 3512 464 3576 Vid.
488 3502 646 3576 Herodot.
664 3523 699 3592 4,
727 3523 783 3590 98.
816 3516 932 3578 Strabo
949 3529 983 3594 7.
1005 3538 1037 3600 p.
1056 3514 1278 3594 ora.s.307.

240 3637 385 3706 quorum
399 3613 499 3678 ctiam
513 3610 707 3678 testimoniis
721 3613 795 3677 uiua
811 3617 854 3678 eli
867 3616 1008 3697 Eustatb.
1019 3616 1058 3678 ad
1067 3608 1203 3699 Dionys.
1214 3638 1243 3680 c.
1255 3616 1279 3679 i.

240 3721 347 3785 Notae
364 3719 438 3780 lunt
452 3712 569 3780 Ovidii
582 3719 736 3802 querelae
749 3713 785 3779 in
802 3715 890 3805 epili.
906 3738 947 3781 ex
959 3720 1067 3781 Ponto
1075 3729 1111 3800 4,
1126 3732 1161 3796 7,
1177 3718 1278 3805 7sqq.

242 3820 295 3886 ef.
317 3817 417 3882 etiam
436 3815 628 3880 Macrobius
648 3818 810 3881 Saturnal.
828 3833 862 3895 7,
892 3828 957 3883 ι9“.“
974 3833 1008 3881 et
1026 3816 1076 3883 ibi
1097 3820 1278 3884 Pontanua.

243 3923 400 3986 Ceterum
423 3935 529 3981 totum
547 3920 638 3981 hunc
660 3921 790 3992 locum,
817 3937 862 3983 ,ιιι
885 3919 949 3983 alia
968 3918 1148 4006 quaedam,
1175 3941 1286 4006 parve*

242 4019 436 4090 discrimine
451 4017 585 4106 repetiit
600 4021 779 4083 lornandea
794 4021 836 4085 de
851 4024 921 4085 reb.
939 4025 1035 4086 Geth.
1052 4043 1080 4086 c.
1101 4041 1155 4105 19.

223 4131 228 4137 ’
317 4124 613 4204 Sauromatae)
662 4119 810 4197 asiatici,
839 4122 965 4187 Latinio
987 4125 1047 4188 sec.
1062 4123 1148 4189 Plio.
1165 4135 1201 4206 4.
1221 4134 1278 4204 95.

68 4194 189 4416 Ὗ
242 4208 341 4297 lna.
364 4227 544 4289 Sarmatae.
593 4220 682 4290 Hinc
714 4240 889 4329 utramque
913 4242 1059 4312 gentem
1088 4218 1282 4309 Scythium
