2634 4716
140 460 143 465 .
206 350 964 484 rurout.uac.'1ai.crir.a9.
1043 378 1113 481 ’ἔοι
1217 360 1222 385 ’

61 578 185 643 limites
207 598 265 642 eos
287 576 442 650 ransitum
476 578 597 661 alioqui
617 596 667 642 rea
684 578 740 641 risi
756 581 842 662 'capit
864 580 972 645 fidem.
1026 579 1114 645 Nam

62 680 195 764 Capella
218 680 395 745 Martianus
425 681 508 744 libro
535 680 640 753 sexto,
667 676 720 768 [p.
746 696 830 762 223.
858 680 1055 746 cl.et1’lin.
1076 684 1112 750 6.

64 799 127 847 aa.
148 777 269 870 l.1'7.]
296 786 439 865 quinque
467 784 567 845 millia
602 784 797 865 oppidorum
832 785 932 848 Indos
963 784 1115 849 habitalls

62 883 180 957 relert;
213 897 248 947 et
267 898 367 947 terrae
383 898 490 947 tamen
509 904 609 968 prope
625 887 715 947 tertia
729 903 800 966 para
816 888 934 948 credita
949 876 1003 949 eit.
1049 887 1115 948 lm·

62 990 156 1071 perio
172 987 272 1071 igitur
287 988 420 1057 rectius.
445 1005 540 1068 quam
559 987 923 1071 terraehegyptiorum,
948 984 1115 1053 tot‘urbeh

62 1088 248 1151 tribuimus.
282 1088 410 1151 Plinius
424 1076 554 1170 quoque
570 1088 628 1152 lib.
642 1101 676 1177 5.
693 1085 734 1176 [ὁ.
751 1083 845 1151 ιι.Γ.
861 1079 912 1172 9.]
936 1090 1112 1169 Aegyptus,
1165 1158 1168 1163 ,

63 1191 187 1272 inquit,
212 1182 319 1281 supro
338 1190 478 1251 'ceteram
508 1190 716 1273 antiquitatis
736 1188 872 1270 gloriam
898 1205 944 1252 ao
973 1186 1111 1254 millibus
1180 1188 1183 1195 ’

64 1291 190 1354 urbiam
213 1289 259 1352 ibi
283 1282 399 1382 Amase
424 1305 576 1371 regnante
606 1288 759 1351 habitato
790 1270 946 1379 praefert.
995 1292 1111 1355 Strabo

63 1393 149 1455 libro
165 1392 283 1454 ultimo
301 1387 356 1479 [p.
369 1393 452 1469 516.
466 1389 603 1480 l.316.]
619 1394 657 1453 ad
673 1390 802 1454 Thebas
820 1392 989 1476 Aegyptias
1006 1388 1114 1474 lcrlbii

65 1491 220 1556 obeliscos
242 1494 315 1565 elle.
340 1514 477 1576 quorum
496 1490 711 1556 vetustillrmis
726 1494 833 1563 literis,
861 1508 977 1576 quauta
998 1478 1113 1579 r'eguni

66 1597 134 1657 illic
159 1599 305 1677 potentia
334 1593 449 1665 fuerit,
484 1597 677 1658 declaretur:
720 1609 753 1657 et
779 1597 955 1676 imperium
980 1596 1113 1660 tenuilia

65 1716 122 1760 eos
142 1716 244 1778 usque
258 1699 298 1758 ad
313 1697 494 1774 Scythiam,
521 1697 719 1759 Bactrianam
741 1697 940 1777 Indiamque,
965 1709 1008 1767 et,
1033 1714 1115 1780 quaa
1194 1782 1197 1787 Ι

65 1813 154 1859 nunc
173 1794 261 1857 lonis
282 1794 414 1863 dicitur.
441 1807 650 1878 propagatum
672 1795 855 1879 ligusticum:
907 1795 1115 1881 Quamquam

65 1911 101 1958 et
118 1897 180 1958 hoc
198 1896 283 1955 mihi
299 1896 416 1957 horum
433 1898 598 1957 iactantiae
618 1897 828 1956 tribuendum
847 1896 984 1960 videtur.
1028 1897 1115 1963 Nam

66 2001 275 2080 imperatores
300 2010 333 2057 et
359 2016 465 2058 rerum
492 1997 647 2081 gellarum
676 1995 856 2077 scriptores,
891 2011 929 2056 ut
954 1998 1116 2064 ornatiora

66 2099 209 2163 efficiant
222 2100 370 2182 negotia,
397 2098 436 2159 ad
457 2098 518 2159 hoc
533 2100 714 2159 mentiendi
734 2116 837 2181 genus
855 2099 1023 2179 aliquando
1040 2086 1116 2165 effe·

66 2214 203 2273 runtur3
236 2213 273 2260 ut
295 2200 377 2263 libro
400 2201 504 2262 tertio.
531 2194 584 2286 [p.
608 2195 852 2285 rra.l.163.]
888 2202 935 2259 lta
957 2196 1116 2280 Polybius

68 2302 115 2383 [c.
130 2305 170 2384 l.]
187 2301 427 2391 Celtiberorum
441 2304 474 2362 in
489 2301 638 2383 Hispania
658 2312 728 2380 3⁰⁰
744 2301 838 2362 urbes
852 2302 956 2362 a'l'ib.
968 2302 1116 2366 Graccho¹

69 2402 232 2469 subversas
256 2403 333 2475 elle,
372 2405 405 2465 in
436 2404 570 2465 Gracchi
596 2406 728 2487 gratiam
755 2405 928 2464 memoriae
953 2406 1115 2485 procliditt

69 2505 202 2568 ntorum
218 2527 324 2578 more,
350 2509 405 2588 qui
429 2505 635 2586 triumphales
656 2524 788 2587 pompas
811 2518 977 2587 apparant,
1002 2519 1035 2568 et
1055 2527 1117 2589 pro

73 2606 205 2693 lingulis
223 2606 361 2671 turribus
384 2607 519 2692 lingulas
539 2607 633 2668 urbes
656 2606 834 2689 spectandas
857 2606 1019 2670 exhibent.
1055 2628 1117 2669 va·

71 2726 215 2773 nisuve.
265 2710 314 2771 Ex
335 2711 502 2786 Herodoto
522 2726 555 2778 o,
577 2724 657 2783 171.
678 2708 798 2770 Nollet
818 2708 926 2776 duxit,
952 2728 992 2770 ex
1010 2710 1117 2774 nostro

71 2811 198 2874 Plinius
207 2824 242 2888 5,
258 2831 313 2875 ιι.
323 2811 344 2874 l.
354 2831 389 2892 9.
414 2809 616 2872 Dissentiuut
628 2811 692 2873 alii.
717 2811 863 2889 Amplius
877 2814 966 2869 enim
978 2825 1117 2886 mmor)

71 2911 181 2983 habet,
196 2890 379 2976 Ptolemaeo
390 2915 465 2994 Lagi
480 2915 665 2991 imperante,
681 2911 816 2969 Tzerzes
830 2908 915 2972 Chil.
928 2924 960 2989 3.
975 2911 1043 2974 hill.
1056 2916 1117 2989 65.

73 3029 135 3091 72.
169 3013 363 3075 Theocritus
384 3027 438 3084 17,
455 3023 501 3090 89.
521 3009 561 3092 lq.
590 3024 736 3090 35,055.
763 3011 899 3090 amplius
923 3024 1051 3088 lss.ooo
1076 3035 1117 3078 ex

73 3116 316 3177 commentariis
348 3112 435 3175 sacris
473 3111 592 3196 prolert
619 3113 755 3173 Diodor.
786 3130 815 3180 1.
844 3124 902 3189 31.
943 3126 976 3173 et
1007 3114 1116 3196 plures

76 3230 211 3298 gomoo
230 3213 285 3276 lob
309 3210 494 3278 Ptolemaeo
516 3214 595 3297 Lagi
613 3229 647 3274 et
669 3210 720 3273 lua
737 3224 855 3281 aetate,
885 3212 939 3274 etsi
955 3214 1007 3273 alii
1029 3212 1127 3277 corii-¹

74 3339 145 3389 cea,
185 3336 267 3401 quos
298 3318 433 3379 omniuo
465 3335 582 3400 magno
606 3333 744 3375 numero
770 3314 916 3374 adhibuit
940 3314 1127 3402 d'Orignpq·

73 3419 224 3505 (Egypte
246 3422 402 3482 ancienne
427 3419 578 3481 Tomi.
603 3437 636 3498 p.
659 3413 762 3497 125.)
795 3415 970 3477 admittunt
991 3431 1118 3482 tantum

73 3516 263 3608 τρισχίλιοι.
300 3521 392 3583 Delta
408 3517 582 3580 secundum
600 3518 849 3586 Artemidorum,
874 3531 910 3577 ut
923 3514 1020 3581 refert
1033 3518 1130 3582 Mar·'

75 3625 182 3684 tianus
197 3622 325 3709 Capella
340 3624 374 3685 6.
390 3642 422 3703 p.
435 3632 517 3698 213.
533 3619 643 3680 habuit
654 3631 724 3695 250
738 3618 863 3703 oppida.¹
893 3621 1016 3682 Eorum
1032 3610 1131 3696 litua(

77 3725 137 3785 ubi
161 3708 259 3786 hodie
280 3725 393 3785 rudera
415 3720 596 3803 supersunt,
625 3723 778 3782 indicavit
795 3718 942 3781 Niebuhr
961 3725 994 3783 in
1011 3720 1118 3786 lleile·

75 3822 295 3889 helchanam
312 3825 447 3888 Arabien
464 3858 508 3871 -
528 3823 601 3890 Vol.
614 3843 645 3887 t.
661 3844 692 3904 p.
709 3827 769 3902 95.
797 3820 860 3902 ipsa
876 3825 1006 3885 nomino
1027 3826 1119 3908 igno·

75 3943 197 3990 rantur.
228 3927 370 3990 Plurima
387 3922 416 3987 le
431 3922 542 3987 eruille
561 3925 660 3987 literis
676 3929 714 3984 acl
728 3942 780 3985 me
796 3924 878 3984 daris
893 3923 1118 4007 fignificat-erat
1149 3917 1151 3921 ’

76 4030 251 4094 Forllerus.
288 4027 340 4093 Cl.
365 4048 445 4109 quse
466 4027 507 4088 da
523 4025 650 4087 urbium
675 4025 882 4085 multitudine
903 4025 1119 4088 disseruerunt

76 4133 242 4217 rl'Origoy
260 4132 294 4192 iu
312 4133 441 4216 Egypte
459 4128 614 4191 ancienne
630 4129 728 4193 Tom.
747 4146 777 4193 t.
795 4146 829 4219 p.
847 4139 893 4204 57
912 4124 974 4210 sqq.
998 4140 1065 4208 139
1078 4128 1119 4211 lq.

128 4250 227 4325 Pomp.
243 4248 337 4305 Mela.
360 4249 477 4322 [urget.
493 4244 533 4302 L.
550 4245 573 4300 Ι.
835 4228 863 4290 V
