2634 4716
208 326 289 463 apa¹
396 336 400 345 ’
479 325 644 436 no'r'au
681 340 993 431 axaonatcatt
1071 306 1080 331 ’

213 558 310 621 aunt
351 552 469 616 utrum
489 548 641 614 chaldaei
662 532 706 609 ιι·
724 542 898 629 Babylona
923 546 992 607 tue
1013 542 1270 628 commigrant.

113 704 126 726 ..
167 714 174 745 ἶ
241 657 394 719 tdocere
418 653 533 715 nititur
557 651 682 711 Ditmar
709 647 790 769 ii*
813 650 867 711 dae
894 648 1074 709 Vaterlanal
1105 647 1169 706 der
1192 644 1270 708 cut

150 676 260 933 ai

26 814 32 831 .
260 778 312 827 er.
345 776 384 818 an
409 753 572 834 corruptio
593 747 733 831 adsperh
759 744 856 811 luerit
881 751 1037 819 nomini,
1074 749 1270 829 qttod·putat

165 912 168 921 .
247 859 399 921 uliathiua
414 858 453 919 ati
476 849 608 929 Dionys.
624 871 655 910 v.
672 852 757 927 768
778 851 911 911 dubium
927 834 982 913 eh.
1047 851 1183 915 Contra
1205 848 1269 909 haut

217 946 400 1037 Chalybum
433 971 547 1019 terram
582 946 848 1033 antiquiffimam
857 951 1111 1015 Chaldaeorum
1148 951 1270 1032 patriam

173 1074 310 1165 putat
333 1056 530 1120 Michaelis
521 1076 555 1115 ιιι
583 1051 744 1138 spicilegio
770 1053 888 1138 (ieogr.
911 1051 1016 1114 Hebr.
1042 1053 1084 1115 Ρ.
1109 1071 1146 1115 a.
1170 1072 1203 1136 p.
1221 1063 1268 1126 77.

173 1136 278 1224 ubi
299 1173 332 1221 et
347 1158 410 1239 qu
436 1157 514 1218 ‹le'
494 1177 532 1217 ua
550 1159 679 1216 etiama
701 1153 841 1217 Forllero
864 1154 987 1238 prolixe
1012 1155 1221 1238 exponitur.
1242 1165 1269 1214 et

218 1260 338 1343 duplex
354 1259 430 1319 tude
438 1256 595 1321 Chaldaea
611 1256 823 1323 constituitur.
838 1255 875 1316 ad
893 1257 1058 1316 orientem
1079 1275 1165 1328 una,
1185 1255 1269 1316 altera

220 1364 260 1423 ad
290 1358 525 1442 boream3ips1
553 1358 663 1441 pupuli
692 1356 844 1419 Hebraeia
868 1353 939 1417 [uait
960 1346 1127 1425 Di‘hffi.
1181 1355 1269 1439 Quoi

174 1440 197 1497 κ
220 1446 354 1527 Strabo
359 1463 398 1523 de
421 1460 562 1521 nominis
584 1461 762 1520 mutatione
784 1456 904 1522 obtare
925 1458 1077 1530 videtur,
1117 1459 1166 1521 ita
1188 1459 1269 1519 illum

220 1562 330 1625 locum
356 1559 435 1623 lacta
457 1561 638 1641 invertione
659 1562 751 1643 legit:
786 1555 876 1623 ol*
841 1581 897 1623 νυν
920 1553 1086 1634 Χάλυβες
1118 1555 1247 1623 Xolti'
1198 1557 1269 1623 iurat

218 1658 261 1728 τὸ
291 1657 434 1726 παλαιὸν
467 1651 687 1748 ὠνομάζοντο,
719 1661 804 1742 quod
832 1659 998 1723 Strabonis
1023 1675 1143 1725 aetate
1162 1661 1269 1740 Chaly-

220 1763 302 1826 bum
331 1784 450 1826 nomen
480 1765 588 1824 uotiua
613 1758 710 1821 tuterit
740 1774 773 1823 ct
799 1760 953 1825 utitatiua.
1014 1762 1213 1847 Xenophon
1235 1764 1267 1825 da

221 1865 337 1946 exped.
361 1867 415 1926 lib.
437 1880 470 1939 7.
487 1876 566 1926 extr.
595 1876 766 1945 utrumque
785 1863 943 1944 populum
960 1861 1164 1948 distinguit,
1193 1866 1267 1926 utin

218 1966 283 2051 ipia
302 1968 479 2045 narratione
496 1976 529 2043 5.
546 1975 578 2040 5,
603 1986 630 2026 ι.
644 1977 677 2024 et
692 1982 726 2043 9.
749 1965 893 2025 vicinum
911 1978 1018 2027 tanton
1035 1962 1135 2030 facit.
1190 1965 1268 2028 Nihil
1286 2029 1288 2033 ,

220 2087 318 2137 vero.
350 2086 409 2128 nec
431 2063 489 2150 nih
509 2066 654 2127 nominia
680 2062 797 2135 forma,
830 2062 957 2127 differre
981 2063 1100 2129 caniet
1128 2069 1268 2131 Mannett

224 2169 341 2252 Geogr.
371 2167 439 2229 Vol.
459 2168 492 2229 6.
517 2166 555 2229 Ρ.
575 2182 607 2229 2.
632 2186 664 2247 p.
682 2178 726 2243 4¹
741 2187 769 2229 ι.
796 2179 827 2227 et
851 2165 968 2227 Persice
994 2167 1192 2233 Chaldaeos
1216 2167 1266 2230 elle

174 2341 178 2351 Ι
221 2285 363 2344 vomica.
401 2266 452 2329 ct.
478 2266 677 2329 Constantio.
700 2267 855 2349 Porphyr.
880 2268 919 2329 de
941 2266 1047 2332 thern.
1074 2282 1166 2350 ι,8.
1203 2272 1268 2333 Ριο·

162 2429 165 2436 .
217 2368 342 2434 miscuo
374 2368 521 2431 adhiberi
554 2381 686 2449 coeptoa
717 2367 873 2448 Chalybes
897 2379 931 2430 et
961 2367 1159 2435 Chaldaeos
1185 2375 1268 2434 docet

219 2470 383 2536 Plutarchi
401 2470 499 2539 locut.
524 2470 688 2551 magitque
702 2470 900 2539 confirmant,
922 2488 1003 2550 quae
1022 2490 1065 2532 ex
1086 2475 1269 2536 auctorihut

217 2568 426 2635 innotescunt
442 2581 473 2630 et
488 2569 659 2639 declarant,
684 2568 751 2652 poli
764 2571 898 2632 nomine
913 2585 1085 2636 contracto
1104 2579 1268 2660 regionem
1307 2570 1309 2577 '

218 2675 337 2735 dictatu
356 2669 416 2731 elle
437 2664 602 2740 Χαλδίαν.
636 2685 765 2755 gentem
788 2664 954 2747 Χᾰλδους.
981 2672 1024 2735 de
1046 2694 1123 2756 quo
1147 2676 1269 2739 contub

94 2778 112 2833 ’.
217 2771 422 2837 Eustathium
437 2788 463 2831 c.
481 2769 500 2833 l.
518 2784 556 2832 et
573 2773 605 2831 in
629 2774 741 2852 primia
757 2772 955 2836 Constantio.
972 2772 1191 2863 Porphytog.
1207 2799 1233 2838 c.
1247 2779 1267 2840 1.

217 2874 308 2939 Hinc
325 2888 358 2934 et
378 2870 496 2953 Geogr.
518 2873 664 2936 llaveun.
682 2889 714 2940 tt.
743 2872 796 2937 16.
822 2874 876 2936 hic
896 2876 987 2955 ponit
1007 2880 1157 2957 patriam
1182 2879 1267 2942 ctut-

217 2976 381 3038 tlaeoruut.
448 2971 673 3051 Constantinam
708 2972 831 3036 catulam
864 2975 1007 3047 neminie
1050 2998 1070 3038 a
1109 2981 1267 3045 Samariae

217 3089 326 3159 captae
349 3073 463 3139 incolit
486 3075 593 3144 ducit.
618 3095 700 3155 quoa
723 3077 785 3158 huc
807 3074 997 3137 deduxerint
1011 3077 1155 3159 attyrit,
1192 3081 1267 3144 [acra
1308 3114 1311 3135 .

215 3175 465 3260 [cripturatelie.
498 3172 549 3237 Cf.
569 3177 699 3260 alleg.
720 3177 914 3251 t7‚a-·-6.
947 3189 1002 3255 18.
1020 3197 1189 3259 9-11.
1222 3184 1268 3246 Ex
1309 3138 1311 3279 Ι

215 3277 463 3363 migrationibua
480 3290 513 3337 et
527 3276 801 3339 commistionibut
821 3278 956 3360 explicat
977 3280 1077 3341 etiam
1105 3284 1266 3369 Uphageu

215 3380 252 3441 in
276 3399 396 3462 parerg.
417 3378 522 3440 histor.
542 3398 573 3460 p.
589 3399 634 3440 tn.
658 3388 736 3457 147.
762 3407 810 3423 -·
849 3380 911 3439 Scri
932 3379 972 3439 tle
993 3379 1130 3445 sedibus
1150 3386 1265 3468 aliqua.

216 3481 400 3547 Herodotus
422 3500 449 3546 ι.
471 3489 529 3556 78.
557 3479 699 3540 conlocat
721 3474 805 3541 inter
822 3479 1051 3559 Mariandynoa
1073 3499 1113 3545 et
1131 3486 1267 3568 Paphla-

214 3599 335 3665 gonew
361 3577 411 3641 let
428 3580 532 3660 paullo
548 3581 579 3639 id
597 3574 700 3642 latiur.
752 3581 795 3641 Et
814 3580 853 3642 stc
867 3583 962 3642 multi
978 3580 1041 3651 alii,
1065 3585 1266 3665 posteriora

212 3684 363 3751 maxima.
393 3682 528 3743 omniuo
552 3680 718 3743 Ponticam
739 3695 870 3765 gentem
891 3682 1060 3763 adpellant.
1087 3701 1129 3746 ut
1151 3688 1264 3752 schol.

211 3782 324 3866 Eurip.¹
347 3783 385 3843 ad
402 3781 471 3853 Alc.
490 3801 522 3841 v.
543 3792 626 3861 985.
659 3782 770 3845 Vibiua
790 3784 885 3864 Sequ.
908 3803 938 3863 p.
960 3793 1017 3864 34.
1072 3786 1181 3870 Quod
1208 3788 1263 3852 etii

211 3887 475 3947 omniuoverum
497 3880 555 3950 ett.
588 3883 721 3965 prophta
742 3896 849 3945 nmen
869 3885 921 3945 alii
940 3885 981 3945 ita
999 3883 1195 3970 designant,
1228 3904 1264 3952 ut

209 4003 322 4069 parurn
342 3982 460 4045 habiles
477 3980 565 4046 suillo
588 3983 744 4069 adpareat.
796 3985 882 4047 Ultra
900 3984 1014 4062 Halym
1038 3989 1135 4050 enim
1161 3994 1262 4078 Argo·

207 4099 374 4149 nautarum
390 4097 535 4165 ternpore
551 4086 590 4146 ad
607 4082 852 4149 Thermodonta
868 4099 900 4145 et
914 4088 1123 4149 Amazonum
1142 4105 1262 4155 terram
