2634 4716
178 429 393 489 neroum
422 430 530 515 nur..
571 429 655 487 ω.
689 432 860 495 uxum.
900 432 979 503 tr.
1043 434 1114 512 ren.

63 621 143 666 nem
165 605 204 665 ed
230 601 349 667 iormue
375 602 513 686 litusque
535 604 679 667 locorum
704 602 880 677 meteret,
899 619 1033 668 >notum
1054 592 1111 671 eli.

64 707 120 769 Sic
152 725 231 768 vero
264 708 415 787 gremium
441 709 539 768 etiam
567 727 588 769 r
620 704 736 771 Nollro
762 707 931 771 adhibetur
959 729 988 780 ι,
1015 723 1049 780 a,
1072 696 1138 774 Μ’

63 823 102 879 2>
124 819 210 888 Μ·
236 821 270 887 3¹
292 822 323 888 3·
342 818 378 888 4·
444 856 449 863 ·

144 1008 298 1093 Thebe)
348 1010 506 1075 lierndot.
525 1027 558 1087 7,
570 1021 638 1091 42.
659 1007 774 1100 &ridor
794 1008 921 1085 πεδίον,
950 1026 987 1073 ut
1002 1013 1055 1074 elii
1074 1013 1114 1076 ln

63 1114 152 1175 norie
177 1115 247 1175 crit.
269 1115 391 1194 p.·546
410 1111 450 1194 sq.
472 1116 631 1197 producti.
650 1153 656 1163 ·
690 1115 824 1177 Patebat
849 1116 932 1177 inter
959 1114 1110 1177 Carinum

61 1215 178 1277 urbem
195 1227 228 1275 et
244 1215 491 1294 Adramyttium,
512 1216 686 1294 (Herodot.
703 1234 731 1280 c.
747 1217 783 1292 l.)
806 1218 891 1279 inter
907 1217 1111 1278 Antandrum

63 1329 99 1378 et
114 1317 364 1395 Adramyttium.
388 1318 554 1401 (Xenoph.
571 1319 613 1379 de
626 1319 740 1399 exped.
756 1318 836 1397 Cyri
852 1333 885 1392 7,
902 1329 935 1394 8.
951 1320 1009 1396 4.)
1046 1317 1116 1379 Alii·

63 1420 263 1480 contermina
278 1421 413 1480 omnino
428 1418 495 1480 loca
511 1420 662 1489 iudicent,
683 1433 721 1479 ut
735 1419 877 1498 Alimon,
900 1419 985 1482 Plio.
997 1433 1030 1496 5,
1048 1432 1114 1498 52:

64 1517 87 1582 i.
107 1533 165 1598 30.
190 1519 274 1583 conl.
296 1519 445 1601 Xenoph.
465 1523 499 1580 in
522 1521 592 1584 bilia
619 1522 673 1585 Gr.
690 1532 725 1600 4.
751 1540 781 1583 1.
797 1517 821 1584 f.
856 1523 1113 1599 Adramyttium,-

64 1622 138 1683 Liv.
156 1635 214 1702 57,
236 1621 329 1700 19.f.
356 1623 412 1702 qui
430 1623 612 1699 opulentum
631 1618 744 1703 ‘ugrum
764 1636 876 1692 voert,
902 1623 936 1682 lu
953 1641 1017 1703 quo
1033 1640 1113 1684 con-⁹
1169 1630 1177 1650 ⁸

64 1721 255 1784 sentientem
283 1723 379 1784 habet
400 1724 726 1805 Strabonem15.'·'p.
750 1723 883 1802 Aure-l.-
903 1725 987 1787 612.
1043 1720 1113 1784 Seri

63 1828 153 1906 quod
170 1826 256 1883 addit
277 1828 415 1885 carmine
430 1826 562 1888 Homeri
579 1823 797 1895 nobilitatum,
824 1826 1056 1908 disputationee
1073 1824 1109 1886 id

63 1927 196 1994 movit,·
220 1944 293 1985 curn
316 1927 420 2006 campi
440 1927 525 1988 illiue
547 1945 702 2005 nunquam
723 1927 887 1988 Homerus
910 1929 1113 1997 menrlnerit,·

66 2025 120 2086 led
137 2025 230 2085 unice
246 2025 376 2087 Thebes
398 2027 435 2086 11.
457 2046 486 2094 ι,
505 2026 588 2103 566.
612 2027 647 2103 6,
666 2040 749 2105 397.
770 2059 818 2071 -·-
845 2047 939 2107 quare
959 2028 1109 2089 etiumin
1219 2077 1221 2081 ,
1251 2006 1254 2013 ¹
1284 2090 1291 2097 ,

64 2127 163 2187 Livio
184 2127 312 2207 quidam
333 2127 495 2210 vulgatam
519 2127 708 2195 lectionem,
740 2126 851 2188 codice
875 2142 1033 2208 praetereo
1055 2127 1109 2189 ad·

65 2230 138 2298 iuti,
157 2230 339 2289 immutant.
374 2229 508 2288 Livium
525 2240 631 2291 tamen
648 2222 771 2288 voffius
786 2229 823 2287 ad
842 2229 982 2289 nostrum
998 2230 1108 2291 locum

66 2331 220 2402 vindicat,
242 2332 316 2411 quia
331 2330 367 2391 ll.
379 2331 411 2399 6,
431 2342 514 2408 397.
541 2328 705 2389 Homerus
719 2329 876 2390 addiderit
893 2320 956 2392 ὑπὸ
975 2325 1113 2410 Πλάκῳ

68 2421 220 2515 ὑληέσσῃ.
269 2432 353 2493 Addi
382 2431 483 2513 potell
504 2430 637 2502 Strabo,
661 2430 716 2511 qui
737 2443 791 2510 ιδ.
816 2450 849 2511 p.
866 2442 953 2510 404.
977 2429 999 2494 l.
1021 2441 1113 2509 53&

66 2535 228 2602 adfirmat,
250 2532 389 2594 Theben
409 2545 442 2594 et
458 2532 586 2594 Thebes
603 2551 752 2613 campum
770 2530 967 2612 promiscue.
984 2546 1020 2593 ut
1036 2532 1106 2604 elle,

67 2636 141 2697 dici.
189 2635 456 2716 Accedit‚.quod
489 2633 625 2696 Achilles
657 2632 796 2694 Theben
829 2635 944 2695 urbem
977 2636 1105 2707 evertit,

67 2736 126 2813 (ll.
147 2751 179 2805 Ω,
196 2737 302 2814 691.)
336 2748 384 2808 et,
419 2735 440 2794 ir
470 2736 523 2797 vel
553 2736 716 2796 inilaurata
741 2733 819 2804 fuit,
853 2735 970 2798 deserta
997 2752 1107 2799 tamen

66 2839 164 2898 iacuit
176 2838 338 2900 Strabonis
351 2850 452 2899 aetate
472 2836 549 2922 (lib.
566 2850 619 2916 ¹5·
638 2857 670 2918 p.
687 2849 773 2915 421.
790 2834 811 2898 l.
830 2837 935 2913 612.)
957 2850 990 2899 et
1005 2838 1108 2899 Plinii

66 2939 160 3021 plene
179 2941 389 3010 interciderat,
411 2943 464 3016 (5,
488 2952 546 3019 52.
567 2937 588 3001 l.
606 2940 685 3017 50.)
710 2935 798 2998 facile
821 2940 948 3008 evenit,
981 2953 1019 2999 ut
1043 2940 1108 3011 alii,

67 3041 265 3122 antiquitatis
307 3042 449 3110 studiosi,
508 3039 610 3102 modo
654 3038 791 3101 Theben
838 3054 1106 3112 commemorent,

67 3143 169 3203 modo
193 3145 262 3204 eius
292 3162 468 3224 campum„
502 3142 599 3226 Quod
624 3139 762 3201 Theben
793 3140 875 3202 hanc
898 3141 1026 3203 Ciliciae
1053 3143 1108 3203 dat

69 3243 267 3324 Stephanus.
304 3246 438 3304 ductum
471 3243 514 3306 est
545 3263 583 3304 ex
610 3242 754 3303 Homero
778 3242 814 3303 ll.
837 3245 870 3311 6,
894 3256 977 3321 597.
1010 3242 1109 3304 etad

66 3344 199 3426 priscam
218 3345 356 3405 Cilicum
374 3344 478 3405 ledem
494 3358 528 3407 et
548 3341 708 3404 ditionem
731 3346 880 3424 pertinet.
925 3346 966 3404 At
983 3361 1056 3403 curn
1072 3344 1109 3405 lu
1204 3330 1209 3383 5

67 3447 232 3527 posteriori
263 3445 372 3507 Cilicia
405 3447 497 3525 ponit
523 3446 655 3508 (lurliue
674 3457 706 3522 3.
730 3455 765 3522 4,
795 3465 848 3508 ιο.
883 3445 1022 3527 gravlter
1053 3445 1106 3507 ille

67 3559 166 3617 errat,
200 3547 255 3609 etli
280 3549 361 3608 tueri
380 3548 472 3607 illurn
496 3560 621 3607 tentant
636 3546 778 3608 liuderus
795 3545 832 3607 ad
847 3566 873 3610 c.
890 3546 911 3607 l.
940 3562 973 3607 et
988 3547 1107 3608 Salma-

68 3647 131 3710 {lue
154 3650 188 3709 in
211 3649 312 3711 Solio.
338 3669 371 3730 p.
395 3658 540 3727 m.5lp5.
576 3645 629 3710 cf.
654 3632 921 3710 eriam‘Turneb.
952 3645 1108 3711 adversor.

74 3763 129 3827 13.
149 3763 204 3825 15.
240 3751 450 3810 Luculentiue
464 3769 541 3811 vero
556 3763 742 3830 temereque
757 3769 858 3811 errare
872 3749 1033 3817 videntur,
1049 3748 1109 3829 qui

66 3850 204 3912 Theben
220 3863 252 3911 et
270 3853 506 3929 Adramyttium
519 3853 654 3912 eandem
668 3851 780 3912 urbem
800 3849 918 3917 ferunt,
942 3862 979 3930 ut
995 3864 1107 3911 auctor

66 3951 212 4030 Etymol.
236 3952 283 4013 lli.
311 3953 344 4012 h.
363 3972 395 4014 v.
432 3953 593 4031 Didymus
615 3951 668 4012 ille
689 3953 728 4013 ad
753 3951 886 4014 Homer.
907 3951 944 4012 ll.
967 3970 995 4020 r,
1022 3951 1106 4030 566.

67 4055 231 4115 Diaconua
251 4055 289 4114 ad
311 4054 442 4119 Heliodi
465 4052 540 4116 [cut.
556 4075 589 4117 r.
605 4064 665 4134 49.
701 4054 840 4118 Eustath.
858 4052 897 4115 ed
913 4052 951 4113 ll.
971 4067 1003 4123 α,
1019 4054 1105 4140 691.

66 4174 140 4242 pag.
160 4164 246 4246 245.
266 4152 289 4220 i.
319 4155 397 4234 (ubi
428 4149 674 4246 'Adpupurrryvlp
708 4152 825 4243 Θήβη)
857 4173 933 4217 cum
965 4166 1111 4217 auctore·
