2634 4716
211 417 266 475 m
294 406 433 477 roua.
462 418 586 476 Met..
612 417 649 475 1.
669 418 714 475 ι’
738 418 773 478 c.
794 418 837 476 ιτ
862 418 942 493 §.⁴4
1057 424 1098 497 4⁸

104 580 331 653 ›i'diffunditur
351 589 489 674 septem,
514 590 573 652 ubi
593 591 771 674 plurimum
795 591 907 654 decem
926 590 975 654 M.
992 604 1100 676 petere

104 694 180 755 ibit.
229 694 411 754 Turannius
440 707 546 755 tamen
572 692 724 756 Graecula
752 688 948 781 [Turranius
969 692 1104 758 Gracilis

125 797 159 854 in
181 793 288 855 Plinio
310 788 446 880 legitur]
479 814 496 857 a
518 795 591 856 rico
617 793 758 879 Mellaria
778 795 817 855 ad
842 798 1104 878 promontorium

104 894 186 956 'ricae
211 895 329 956 Album
351 911 475 957 tanturn
493 904 525 973 5.
544 895 593 957 M.
616 910 723 977 patere
740 894 844 957 fauces
867 896 987 959 Oceani
1010 899 1103 962 dixit.
1193 973 1198 984 ι

104 1017 143 1059 no
163 999 236 1057 loco
258 997 330 1058 licet
344 990 452 1059 mirari
469 996 587 1059 fretum
600 1017 667 1058 non
682 998 795 1060 iisdem
817 998 902 1059 finiri
921 1001 1064 1061 terminis
1086 1020 1105 1062 a

104 1099 267 1182 ›inponim
294 1099 414 1191 quibuox
429 1096 692 1161 circumscribitur
717 1116 747 1170 e,
773 1100 807 1162 6.
859 1099 944 1161 Nam
964 1120 1037 1162 cum
1058 1102 1107 1162 ibi

104 1201 146 1260 ud
170 1201 324 1282 producat
343 1203 497 1281 nequead
520 1197 656 1263 lunonis
675 1201 953 1282 promontorium,
984 1198 1107 1265 nece'lie

104 1307 111 1362 t
133 1302 214 1361 illud
236 1316 344 1384 patere
372 1303 515 1383 amplius,
535 1321 590 1364 ιο.
614 1302 662 1362 Μ.
686 1303 722 1363 Ρ.
766 1302 793 1363 A
814 1300 936 1365 Belone
956 1305 1044 1364 enim
1068 1303 1109 1365 ad

104 1405 167 1491 ingi
184 1402 399 1465 Mauretaniae
415 1418 472 1483 50.
489 1403 536 1467 M.
553 1403 590 1465 P.
607 1404 777 1465 traiectum
794 1400 870 1464 facit
882 1404 1006 1468 Plinius
1022 1414 1055 1481 5,
1077 1424 1108 1469 a.

123 1508 159 1565 in
179 1506 341 1567 itinerario
364 1508 527 1567 maritimo
543 1506 702 1567 Antonini
725 1498 778 1591 [p.
788 1514 875 1584 495.
892 1498 1040 1590 welfeh]
1065 1505 1110 1567 est
1216 1522 1229 1541 '⁴

104 1624 144 1668 eo
171 1606 351 1667 stadiorum.
381 1601 474 1692 [ie.
499 1604 565 1667 iere
592 1619 649 1684 28.
674 1606 721 1667 M.
747 1599 807 1691 Ρ.]
859 1607 965 1689 Quare
985 1599 1110 1695 fretum

104 1709 256 1790 imponio
272 1708 337 1769 hoc
352 1708 434 1778 loco.
456 1722 493 1769 ut
512 1705 631 1777 Plinio,
654 1719 780 1768 tantum
798 1708 1010 1793 porrigeturu
1027 1708 1110 1769 Mel·

104 1810 143 1871 rin
159 1810 198 1869 orl
215 1809 329 1890 Calpes
344 1828 443 1889 unque
461 1810 727 1891 promontorium.
771 1810 901 1870 Demon
924 1805 979 1897 [h.
995 1811 1113 1873 Eucte-

105 1906 170 1997 οη]
197 1911 413 1992 Amphipolim
440 1911 541 1973 tribue
565 1911 708 1973 milliboe
735 1908 879 1991 pulsuum
903 1923 1028 1972 tantum
1052 1909 1114 1974 ire·

104 2032 143 2073 un
160 2011 300 2075 distineri
315 2011 447 2083 censuit,
473 2024 509 2073 ut
531 2010 665 2095 praefert
680 2013 835 2075 Avienus.
862 2005 917 2098 [in
935 2032 990 2075 ora
1006 2016 1113 2078 marit.

104 2107 229 2199 .540.]
280 2114 342 2176 Sed
367 2114 494 2177 Graecie
518 2113 724 2195 quantumin
744 2111 951 2174 tribuendum
965 2116 1000 2177 in
1015 2116 1113 2177 rebue

107 2214 269 2297 ilpanicis,
295 2236 334 2276 ex
348 2216 503 2278 Strabone
518 2212 719 2300 intelligitur.
746 2232 955 2277 nvuneervc.
1005 2216 1137 2279 Studio.

104 2315 273 2397 ixleptem
296 2316 394 2378 hebet
414 2315 574 2379 Damastes
590 2316 675 2399 opud
696 2316 858 2377 Avienum
883 2335 916 2378 r.
937 2328 1020 2394 372.
1041 2337 1069 2380 c.
1089 2317 1111 2378 Ι.
1146 2306 1151 2322 ’

104 2436 233 2497 cyntnue
263 2416 366 2480 Chius
404 2438 438 2479 v.
468 2431 548 2496 139.
581 2417 673 2479 stadia
703 2433 782 2477 ruo.
815 2417 837 2476 i.
861 2435 890 2478 e.
924 2428 977 2494 15.
1001 2418 1038 2479 P.
1065 2416 1115 2481 M.

107 2520 223 2581 molno
244 2533 362 2583 autern.
373 2536 486 2602 magna
501 2517 545 2580 est
567 2520 608 2581 de
624 2519 693 2580 eine
707 2516 878 2579 latitudine
893 2518 1115 2603 pliccrepantia,

104 2640 115 2683 t
136 2642 197 2702 qua
210 2636 244 2682 et
257 2622 298 2682 de
320 2620 524 2704 longitudine
540 2614 678 2683 conferri
701 2617 805 2701 poteil
819 2618 980 2683 d’Anrille
993 2622 1028 2681 in
1045 2621 1117 2684 Me·

104 2724 195 2791 inires
216 2722 256 2782 de
277 2721 459 2783 l’academie
481 2756 529 2771 -
557 2724 598 2784 de
618 2721 707 2783 Parin
724 2720 794 2781 Vol.
810 2733 869 2799 50.
891 2740 923 2803 p.
942 2740 1025 2786 teo.
1061 2720 1114 2787 cf.

104 2826 174 2886 :iam
197 2824 278 2886 Otto
299 2820 467 2901 Phyfiiche
485 2821 674 2887 Erdbeichr.
692 2823 733 2884 T.
753 2839 783 2884 t.
801 2842 832 2902 p.
850 2822 935 2887 626.
978 2822 1115 2906 Nempe.

104 2927 164 2988 aod
188 2914 306 2985 rno'net'
322 2920 454 2994 Vollme,
480 2910 576 3006 prout
599 2924 652 2986 vel
674 2922 818 3003 proxima
840 2914 1024 2994 liturn'vel
1043 2945 1117 3007 pro·

104 3029 252 3093 roncone,
278 3025 341 3095 vel,
366 3026 608 3108 querendique
635 3036 763 3108 ponunt
782 3020 909 3095 infulae,
939 3027 1118 3109 accipiunt;

104 3148 164 3191 aoc
180 3143 289 3189 tamen
301 3125 481 3190 mensuram
495 3144 642 3209 pamma
661 3127 794 3189 veritate
812 3124 909 3189 abire.
940 3144 944 3151 ·

160 3318 493 3413 corrumperit)
540 3328 631 3395 Haec
654 3347 695 3393 ex
725 3326 891 3391 Aristotele
921 3327 962 3392 cle
993 3330 1120 3395 mundo
1208 3340 1212 3361 ¹

104 3456 150 3519 ap.
168 3448 201 3515 3.
224 3435 332 3495 tralata
353 3430 483 3516 putabat
502 3432 670 3501 schottus.
698 3446 795 3511 quem
817 3429 968 3494 refutavit
987 3431 1122 3495 Nunne·

106 3558 161 3606 ue.
188 3537 275 3616 quod
300 3537 369 3597 eiue
390 3534 464 3595 libri
485 3547 594 3609 auctor
616 3535 757 3594 incertus
777 3532 832 3605 fit3
864 3544 938 3595 tum
959 3535 1067 3596 minue
1086 3536 1121 3596 id

104 3636 207 3701 enne
225 3635 332 3708 inille,
359 3654 434 3697 cum
453 3635 530 3696 haec
548 3634 672 3717 publica
689 3630 785 3697 inerit
801 3635 914 3716 opinio
929 3654 968 3696 ex
984 3635 1121 3720 Geogra·
1177 3704 1180 3711 ¹
1288 3632 1295 3644 ’

106 3742 228 3801 horum
249 3737 454 3809 testimoniis,
479 3752 516 3798 uc
539 3735 720 3817 praesertim
741 3737 877 3808 Avieni,
902 3739 958 3819 qui
977 3739 1123 3819 optimoe

104 3861 230 3922 uosque
247 3852 280 3903 et
295 3833 477 3902 clanffimos
490 3838 608 3908 laudet,
632 3836 687 3915 [r.
702 3845 751 3915 42
761 3834 847 3919 sqq.]
868 3838 1018 3920 equibus
1034 3838 1123 3901 loom

109 3945 341 4027 iapntationem
358 3934 524 4013 sumtum
549 3942 695 4022 quamvis
709 3939 833 4001 Plinius
848 3951 883 4019 4,
906 3953 961 4019 ιδ.
984 3938 1027 4020 [i.
1041 3944 1123 4024 η]

105 4047 276 4107 ontrariam
307 4045 442 4107 aliorum
470 4044 660 4123 opinionem
685 4037 841 4124 proferet,
877 4036 1000 4122 inqua
1025 4043 1124 4105 etiarn

104 4148 242 4211 antenna
259 4145 298 4209 iit
313 4144 493 4213 Aristotelea
515 4146 552 4209 in
571 4142 842 4227 Moteomlogicia.
872 4142 931 4224 [Ω.
947 4144 1000 4225 ι.]
1037 4144 1124 4207 Haec
