2634 4716
193 431 247 492 rrt
274 429 411 490 rome.
438 430 547 489 nant.
590 418 679 488 nt.
719 428 856 489 crura
897 432 996 504 en.
1064 429 1130 510 eo,

10 594 20 677 ‚l
75 605 232 689 exemplis
245 606 413 669 confirmet
427 605 564 690 Scaliger
580 603 620 667 ad
638 600 846 688 Theophrast.
865 608 906 669 de
922 605 1002 671 caus.
1019 604 1120 689 plant'.

10 692 36 759 l'
76 700 110 785 5'.
129 726 162 786 9.
184 729 255 793 pag.
275 718 360 786 287.
411 708 504 770 Talae
528 708 623 769 etiam
638 704 672 766 in
690 710 777 792 pagie
794 710 915 791 aliquot
932 709 1143 772 Chersoueli=

10 808 13 879 l
74 808 228 870 Tauricae
251 809 390 871 inveniri
407 827 447 869 ex
469 810 570 872 arnico
590 808 755 870 audiverat
779 810 892 872 Pallae.
920 813 1009 895 (vid.
1026 813 1118 873 Jour-

72 909 127 971 nal
144 907 194 971 fiir
211 910 327 971 Fabrik
344 945 391 957 —
410 911 452 974 Τ.
473 922 528 988 ¹5·
549 910 586 975 P.
602 924 635 974 Ω.
655 931 688 992 p.
709 907 804 997 ¹¹3·)
842 913 928 976 Cum
951 905 1030 974 olim
1048 913 1117 975 Ma·-

71 1029 187 1074 cronee
202 1011 282 1073 hanc
299 1010 559 1094 capitiaiormam
575 1011 761 1082 habuerint.
791 1015 923 1076 eoadem
937 1017 1032 1075 etiam
1053 1015 1115 1078 ell'e

70 1115 239 1175 contendit
260 1134 299 1174 ex
327 1129 494 1176 auctorum
517 1114 752 1196 comparatione
775 1114 922 1179 Oleariue
943 1118 983 1177 ad
1005 1115 1115 1178 Philo·

68 1212 154 1276 lirati
178 1217 277 1277 vitam
291 1215 396 1299 Apoll.
412 1230 445 1295 3,
461 1225 521 1296 47.
537 1236 571 1298 p.
590 1224 671 1298 154.
723 1216 890 1279 Convenit
909 1218 1020 1298 utique
1038 1208 1113 1283 situ·

65 1327 103 1377 et
120 1317 238 1378 vicinia
253 1317 456 1399 populorum,
481 1336 562 1398 quoe
576 1315 630 1378 hic
651 1315 736 1379 Mela
753 1316 903 1388 recenset,
930 1321 978 1380 uti
993 1338 1112 1404 cogno·

66 1413 167 1477 icitur
188 1438 229 1479 ex
250 1417 423 1501 Apollonio
452 1417 560 1481 libori.
584 1433 617 1489 2,
645 1426 752 1500 1242.
793 1420 949 1498 Dionyuo
972 1442 1004 1480 v.
1026 1419 1109 1495 766.
1196 1501 1198 1505 Α

64 1516 226 1581 Prisciano
240 1539 272 1582 v.
290 1532 374 1599 740.
402 1521 528 1583 Avieno
545 1541 578 1583 v.
595 1517 680 1599 946.
715 1521 768 1582 Sic
782 1534 905 1600 praeter
918 1522 996 1583 alios
1011 1524 1110 1585 eriam
1207 1578 1212 1601 ,

63 1618 180 1682 Strabo
202 1635 257 1682 ttt.
276 1640 308 1701 p.
319 1630 403 1696 378.
420 1620 441 1684 l.
457 1630 542 1702 548.
575 1620 744 1683 Macrones
760 1622 793 1680 in
808 1620 870 1699 hoe
886 1634 986 1684 tractu
1002 1624 1109 1688 novit

63 1720 152 1784 (ium
175 1720 377 1799 Molynoecie
394 1736 430 1785 et
445 1722 614 1787 Tibarenii
632 1722 802 1805 coniungit
824 1723 980 1786 Herodot.
997 1738 1028 1798 3.
1044 1736 1106 1804 94.

10 1860 13 1865 -
63 1824 150 1886 conl.
169 1838 201 1897 7,
218 1836 277 1900 73.
298 1824 338 1884 ad
353 1823 598 1886 Thermodonta
619 1822 727 1885 versus
744 1823 884 1887 Colchos
903 1827 997 1906 ponit
1019 1827 1108 1886 idern

63 1937 100 1991 n.
123 1932 202 1999 104.
242 1923 364 1984 Sannoe
380 1923 484 2003 postea
505 1925 608 1986 dictor
628 1921 724 1985 refert
738 1923 850 1987 Strabo
865 1944 892 1986 c.
910 1926 931 1988 l.
955 1938 988 1986 et
1001 1926 1108 1987 Eusta-

59 2024 152 2087 tbiue
176 2024 214 2084 ed
238 2021 451 2101 Dionyl.c.l.
484 2037 517 2083 et
537 2025 624 2105 «prod
647 2024 701 2083 hic
722 2006 827 2093 addit,
857 2029 959 2109 magia
977 2030 1107 2107 proprie

59 2124 365 2212 posteriori'eetate.
391 2125 600 2186 confirmante
625 2125 658 2183 id
686 2124 844 2203 Procopio
871 2124 911 2185 de
937 2126 976 2189 B.
999 2124 1101 2189 Goth.

57 2239 98 2308 4,
123 2248 152 2290 t.
180 2227 313 2288 Tzauos.
364 2224 457 2287 Plura
472 2225 560 2285 dabit
574 2226 614 2289 de
633 2226 672 2286 ile
690 2243 869 2305 eorumque
886 2227 919 2285 in
938 2227 1104 2311 hac-parre

56 2328 187 2393 sedibus
204 2329 290 2388 idem
303 2326 480 2408 Procopiue
493 2329 533 2387 de
550 2327 588 2389 B.
605 2326 645 2388 G.
660 2336 695 2405 4,
713 2340 745 2386 a.
773 2327 812 2387 de
828 2327 978 2389 aedificiis
992 2338 1025 2410 4.
1041 2329 1101 2405 07.

56 2430 145 2520 liena
162 2430 253 2511 plane
273 2424 403 2490 coniicit
419 2446 573 2507 anonym.
590 2429 630 2489 de
653 2428 762 2488 Ponto
781 2447 851 2511 pag.
873 2438 927 2507 ¹4·
954 2430 1046 2506 (Vol.
1063 2444 1100 2509 3.
1166 2426 1171 2436 '

10 2528 18 2587 .'
58 2533 181 2616 (ieogr.
208 2528 326 2605 Hudl.)
358 2529 413 2610 qui
437 2549 453 2590 a
477 2530 678 2610 Trapezunte
704 2530 741 2589 ad
769 2527 902 2589 insulam
929 2520 1103 2602 Arilliadie.

13 2636 20 2645 ’
57 2629 343 2699 olimCerasun1a‚
369 2632 458 2712 priue
480 2629 627 2692 babitalla
649 2627 753 2710 scribit
773 2631 909 2693 Acrones
922 2632 988 2695 live
1004 2636 1102 2714 Acro*

55 2733 222 2814 cephalos.
248 2734 283 2792 in
299 2750 363 2813 quo
379 2732 532 2795 aberratio
553 2731 671 2791 librarii
688 2729 779 2792 facile
797 2730 1014 2812 deprenditur.
1057 2736 1102 2796 Et

55 2836 101 2899 uc
122 2835 265 2896 locorum
290 2835 388 2894 etiarn
415 2831 508 2895 leriae
531 2830 686 2895 consentit
712 2833 746 2893 in
773 2848 935 2911 anonymo
961 2850 994 2897 et
1021 2835 1099 2897 l’ru·

54 2939 152 3018 copio
168 2939 209 2998 de
224 2935 261 2999 B.
280 2934 378 2997 Goth.
391 2943 426 3016 4.
445 2953 475 2998 a.
511 2934 607 3018 Quod
618 2934 740 2995 Plinius
757 2935 792 3004 6,
809 2933 932 3021 44iacit
945 2935 1096 3008 diverloe.

53 3051 92 3102 et
115 3041 257 3121 primurn
274 3035 548 3116 Macrocephaloe.
581 3033 651 3116 poli
665 3036 838 3096 interiectis
857 3037 927 3097 aliia
946 3038 1097 3121 gentibue
1145 3068 1148 3075 Α

54 3138 227 3203 Matronae
252 3149 285 3197 et
309 3137 375 3219 poll
397 3140 521 3199 Sauum
543 3139 653 3218 ponit,
687 3134 810 3198 secutur
834 3134 894 3204 est.
929 3148 966 3196 ut
993 3135 1095 3220 saepe,

10 3294 13 3307 .
53 3237 366 3307 diversoeenctorea,
391 3239 541 3307 incuriae,
569 3250 678 3297 utrum
703 3257 747 3306 re,
779 3256 819 3297 an
841 3237 947 3299 verbie
968 3252 1097 3302 tantuna

10 3320 27 3399 Ι.
42 3343 280 3424 'diecreparent
333 3338 451 3408 Numi,
475 3354 554 3418 quoe
567 3340 696 3419 quidam
715 3341 753 3398 ad
771 3338 1027 3421 illacrocepbeloe
1046 3360 1096 3402 re·

53 3441 180 3512 rerunt.
204 3443 239 3501 in
260 3442 371 3522 primia
387 3439 549 3509 Goltziue‚
571 3440 664 3499 dubii
686 3437 774 3506 lunt.
802 3440 854 3500 vel
869 3440 1026 3519 Corcyrae
1040 3442 1096 3502 ad·

10 3526 14 3625 ζ
53 3543 146 3609 tenu
162 3543 290 3605 aaroni.
328 3542 398 3604 vta.
422 3539 541 3602 trione
564 3542 598 3601 rn
622 3534 698 3603 ter.
714 3561 806 3602 num.
827 3542 924 3603 ‘rom
944 3554 976 3620 5·
1003 3543 1042 3617 u.
1063 3564 1093 3607 t.

25 3676 28 3681 ·
51 3664 88 3732 p.
104 3660 164 3725 70.
186 3658 219 3709 et
233 3640 356 3706 Eckhel
376 3643 411 3702 in
427 3642 572 3704 doctrina
587 3661 678 3704 num.
694 3642 730 3705 Ρ.
746 3663 776 3707 t.
795 3641 864 3705 Vol.
879 3658 911 3704 a.
927 3662 958 3724 p.
975 3652 1061 3722 355.

130 3843 323 3926 Becher-i)
372 3843 428 3907 Gr.
454 3840 618 3931 Βὲχειρες,
646 3844 761 3915 rarius,
793 3857 831 3905 ut
852 3855 940 3906 certo
958 3832 1110 3925 quidem'

10 4012 12 4017 ,
55 3951 216 4032 adpareat,
243 3946 409 4033 Βέχειροι,
435 3948 475 4007 de
495 3965 555 4026 qua
579 3947 753 4008 variatione
767 3946 889 4006 dictum
904 3943 948 4006 cli
969 3947 1002 4008 in
1022 3958 1092 4011 not.

54 4054 154 4116 critic.
174 4069 246 4133 pag.
264 4050 349 4124 613.
403 4042 561 4111 Ποντικὸν
584 4044 677 4122 ἔθνος
700 4039 756 4110 καὶ
781 4038 976 4109 {abilianae
1000 4060 1095 4109 vocat

51 4151 195 4217 Eullatlr.
215 4149 254 4211 ad
279 4146 412 4229 Di'u'uyi.
432 4167 464 4212 v.
482 4148 568 4225 762.
618 4150 705 4214 Sitne
727 4167 766 4213 ex
787 4164 937 4211 tonnam
954 4146 1093 4211 aliorum

103 4269 200 4346 remp.
216 4266 308 4328 naa.
330 4265 446 4349 regar.
461 4262 539 4325 ar.
776 4245 842 4336 Qt
1018 4308 1243 4440 ι
1291 4250 1304 4353 l
