<?xml version="1.0" encoding="UTF-8"?>
<!DOCTYPE html PUBLIC "-//W3C//DTD XHTML 1.0 Transitional//EN"
    "http://www.w3.org/TR/xhtml1/DTD/xhtml1-transitional.dtd">
<html xmlns="http://www.w3.org/1999/xhtml" xml:lang="en" lang="en">
 <head>
  <title>
</title>
<meta http-equiv="Content-Type" content="text/html;charset=utf-8" />
  <meta name='ocr-system' content='tesseract 3.04.00' />
  <meta name='ocr-capabilities' content='ocr_page ocr_carea ocr_par ocr_line ocrx_word'/>
</head>
<body>
  <div class='ocr_page' id='page_1' title='image "./desitvorbislibr00melagoog_0208.png"; bbox 0 0 2634 4716; ppageno 0'>
   <div class='ocr_carea' id='block_1_1' title="bbox 205 420 1123 501">
    <p class='ocr_par' dir='ltr' id='par_1_1' title="bbox 205 420 1123 501">
     <span class='ocr_line' id='line_1_1' title="bbox 205 420 1123 501; baseline 0.004 -24"><span class='ocrx_word' id='word_1_1' title='bbox 205 420 258 481; x_wconf 79' lang='lat' dir='ltr'>ru</span> <span class='ocrx_word' id='word_1_2' title='bbox 287 422 427 482; x_wconf 78' lang='lat' dir='ltr'>rome.</span> <span class='ocrx_word' id='word_1_3' title='bbox 457 423 566 483; x_wconf 78' lang='lat' dir='ltr'>rtet.</span> <span class='ocrx_word' id='word_1_4' title='bbox 606 422 688 483; x_wconf 67' lang='grc' dir='ltr'>ιι.</span> <span class='ocrx_word' id='word_1_5' title='bbox 729 420 866 485; x_wconf 74' lang='lat' dir='ltr'>errat.</span> <span class='ocrx_word' id='word_1_6' title='bbox 907 421 935 493; x_wconf 74' lang='grc' dir='ltr'>ς.</span> <span class='ocrx_word' id='word_1_7' title='bbox 960 441 988 485; x_wconf 80' lang='grc' dir='ltr'>ι.</span> <span class='ocrx_word' id='word_1_8' title='bbox 1059 434 1123 501; x_wconf 69' lang='lat'>203</span> 
     </span>
    </p>
   </div>
   <div class='ocr_carea' id='block_1_2' title="bbox 10 592 1210 4144">
    <p class='ocr_par' dir='ltr' id='par_1_2' title="bbox 10 592 1210 4144">
     <span class='ocr_line' id='line_1_2' title="bbox 73 592 1123 677; baseline 0.002 -16"><span class='ocrx_word' id='word_1_9' title='bbox 73 597 207 661; x_wconf 72' lang='lat' dir='ltr'>Lucano</span> <span class='ocrx_word' id='word_1_10' title='bbox 222 612 259 675; x_wconf 85' lang='lat'>9.</span> <span class='ocrx_word' id='word_1_11' title='bbox 278 592 387 677; x_wconf 80' lang='lat'>513.)</span> <span class='ocrx_word' id='word_1_12' title='bbox 412 594 577 659; x_wconf 83' lang='lat' dir='ltr'><em>Hammon</em></span> <span class='ocrx_word' id='word_1_13' title='bbox 601 597 872 671; x_wconf 68' lang='lat' dir='ltr'>Gor-irritamina,⁸</span> <span class='ocrx_word' id='word_1_14' title='bbox 896 598 1045 661; x_wconf 82' lang='lat' dir='ltr'>Lucanua</span> <span class='ocrx_word' id='word_1_15' title='bbox 1066 618 1123 670; x_wconf 83' lang='lat' dir='ltr'>to.</span> 
     </span>
     <span class='ocr_line' id='line_1_3' title="bbox 75 697 1123 783; baseline 0.004 -24"><span class='ocrx_word' id='word_1_16' title='bbox 75 710 137 781; x_wconf 75' lang='lat'>33.</span> <span class='ocrx_word' id='word_1_17' title='bbox 154 698 320 781; x_wconf 58' lang='lat' dir='ltr'>Syrticam</span> <span class='ocrx_word' id='word_1_18' title='bbox 348 697 673 763; x_wconf 81' lang='lat' dir='ltr'>Claudianuarectiue</span> <span class='ocrx_word' id='word_1_19' title='bbox 687 703 722 761; x_wconf 90' lang='lat' dir='ltr'>in</span> <span class='ocrx_word' id='word_1_20' title='bbox 735 703 871 783; x_wconf 82' lang='lat' dir='ltr'>Eutrop.</span> <span class='ocrx_word' id='word_1_21' title='bbox 888 722 915 771; x_wconf 88' lang='lat' dir='ltr'>t.</span> <span class='ocrx_word' id='word_1_22' title='bbox 931 712 1012 778; x_wconf 75' lang='lat' dir='ltr'>rgo.</span> <span class='ocrx_word' id='word_1_23' title='bbox 1028 701 1123 763; x_wconf 84' lang='lat' dir='ltr'>Mar·</span> 
     </span>
     <span class='ocr_line' id='line_1_4' title="bbox 75 800 1124 886; baseline 0.001 -24"><span class='ocrx_word' id='word_1_24' title='bbox 75 802 227 863; x_wconf 74' lang='lat' dir='ltr'>nmrr&#39;cns.</span> <span class='ocrx_word' id='word_1_25' title='bbox 265 800 354 861; x_wconf 79' lang='lat' dir='ltr'>Situs</span> <span class='ocrx_word' id='word_1_26' title='bbox 370 819 468 881; x_wconf 84' lang='lat' dir='ltr'>prope</span> <span class='ocrx_word' id='word_1_27' title='bbox 484 804 667 886; x_wconf 72' lang='lat' dir='ltr'>Aegyptum</span> <span class='ocrx_word' id='word_1_28' title='bbox 689 802 841 883; x_wconf 85' lang='lat' dir='ltr'>probatur</span> <span class='ocrx_word' id='word_1_29' title='bbox 859 805 956 865; x_wconf 85' lang='lat' dir='ltr'>etiem</span> <span class='ocrx_word' id='word_1_30' title='bbox 973 824 1012 864; x_wconf 85' lang='lat' dir='ltr'>ex</span> <span class='ocrx_word' id='word_1_31' title='bbox 1029 822 1124 885; x_wconf 84' lang='lat' dir='ltr'>expe·</span> 
     </span>
     <span class='ocr_line' id='line_1_5' title="bbox 16 899 1125 984; baseline 0 -19"><span class='ocrx_word' id='word_1_32' title='bbox 16 978 22 983; x_wconf 42' lang='grc'><strong>,</strong></span> <span class='ocrx_word' id='word_1_33' title='bbox 73 903 203 965; x_wconf 85' lang='lat' dir='ltr'>ditione</span> <span class='ocrx_word' id='word_1_34' title='bbox 226 899 408 981; x_wconf 82' lang='lat' dir='ltr'>Cambylie.</span> <span class='ocrx_word' id='word_1_35' title='bbox 439 902 474 964; x_wconf 90' lang='lat' dir='ltr'>in</span> <span class='ocrx_word' id='word_1_36' title='bbox 496 923 559 984; x_wconf 87' lang='lat' dir='ltr'>qna</span> <span class='ocrx_word' id='word_1_37' title='bbox 586 906 744 966; x_wconf 84' lang='lat' dir='ltr'>exercituo</span> <span class='ocrx_word' id='word_1_38' title='bbox 763 903 889 967; x_wconf 75' lang='lat' dir='ltr'>Thebis</span> <span class='ocrx_word' id='word_1_39' title='bbox 910 903 1019 967; x_wconf 80' lang='lat' dir='ltr'>missus</span> <span class='ocrx_word' id='word_1_40' title='bbox 1040 907 1125 965; x_wconf 88' lang='lat' dir='ltr'>inter</span> 
     </span>
     <span class='ocr_line' id='line_1_6' title="bbox 71 992 1210 1087; baseline 0 -20"><span class='ocrx_word' id='word_1_41' title='bbox 71 1004 153 1067; x_wconf 83' lang='lat' dir='ltr'>illud</span> <span class='ocrx_word' id='word_1_42' title='bbox 170 1018 206 1065; x_wconf 85' lang='lat' dir='ltr'>et</span> <span class='ocrx_word' id='word_1_43' title='bbox 221 1000 316 1065; x_wconf 85' lang='lat' dir='ltr'>Oasin</span> <span class='ocrx_word' id='word_1_44' title='bbox 333 1023 497 1065; x_wconf 79' lang='lat' dir='ltr'>arenarum</span> <span class='ocrx_word' id='word_1_45' title='bbox 514 1006 651 1067; x_wconf 88' lang='lat' dir='ltr'>cumulia</span> <span class='ocrx_word' id='word_1_46' title='bbox 665 1007 801 1069; x_wconf 87' lang='lat' dir='ltr'>obrutue</span> <span class='ocrx_word' id='word_1_47' title='bbox 817 1008 927 1087; x_wconf 78' lang='lat' dir='ltr'>periit3</span> <span class='ocrx_word' id='word_1_48' title='bbox 943 1006 1125 1086; x_wconf 87' lang='lat' dir='ltr'>(Herodot.</span> <span class='ocrx_word' id='word_1_49' title='bbox 1199 992 1210 1015; x_wconf 79' lang='lat'><em>⁰</em></span> 
     </span>
     <span class='ocr_line' id='line_1_7' title="bbox 76 1105 1125 1189; baseline -0.002 -20"><span class='ocrx_word' id='word_1_50' title='bbox 76 1120 110 1187; x_wconf 78' lang='lat'>5,</span> <span class='ocrx_word' id='word_1_51' title='bbox 133 1106 215 1181; x_wconf 76' lang='lat'>26.)</span> <span class='ocrx_word' id='word_1_52' title='bbox 250 1105 285 1167; x_wconf 87' lang='lat' dir='ltr'>in</span> <span class='ocrx_word' id='word_1_53' title='bbox 307 1106 420 1186; x_wconf 78' lang='lat' dir='ltr'>primia</span> <span class='ocrx_word' id='word_1_54' title='bbox 434 1127 474 1169; x_wconf 84' lang='lat' dir='ltr'>ex</span> <span class='ocrx_word' id='word_1_55' title='bbox 496 1108 611 1169; x_wconf 82' lang='lat' dir='ltr'>itinere</span> <span class='ocrx_word' id='word_1_56' title='bbox 625 1108 716 1170; x_wconf 80' lang='lat' dir='ltr'>Alex.</span> <span class='ocrx_word' id='word_1_57' title='bbox 737 1108 785 1169; x_wconf 84' lang='lat' dir='ltr'>M.</span> <span class='ocrx_word' id='word_1_58' title='bbox 812 1110 901 1189; x_wconf 79' lang='lat' dir='ltr'>qnml</span> <span class='ocrx_word' id='word_1_59' title='bbox 917 1108 956 1169; x_wconf 90' lang='lat' dir='ltr'>ad</span> <span class='ocrx_word' id='word_1_60' title='bbox 977 1110 1057 1170; x_wconf 86' lang='lat' dir='ltr'>illud</span> <span class='ocrx_word' id='word_1_61' title='bbox 1077 1108 1125 1168; x_wconf 86' lang='lat' dir='ltr'>vi·</span> 
     </span>
     <span class='ocr_line' id='line_1_8' title="bbox 73 1204 1127 1294; baseline -0.001 -22"><span class='ocrx_word' id='word_1_62' title='bbox 73 1208 211 1273; x_wconf 84' lang='lat' dir='ltr'>sendum</span> <span class='ocrx_word' id='word_1_63' title='bbox 236 1224 256 1269; x_wconf 86' lang='lat' dir='ltr'>a</span> <span class='ocrx_word' id='word_1_64' title='bbox 282 1204 461 1269; x_wconf 79' lang='lat' dir='ltr'>Mareotide</span> <span class='ocrx_word' id='word_1_65' title='bbox 487 1209 603 1291; x_wconf 86' lang='lat' dir='ltr'>palude</span> <span class='ocrx_word' id='word_1_66' title='bbox 634 1208 788 1294; x_wconf 77' lang='lat' dir='ltr'>ingressus</span> <span class='ocrx_word' id='word_1_67' title='bbox 814 1211 895 1271; x_wconf 86' lang='lat' dir='ltr'>ultra</span> <span class='ocrx_word' id='word_1_68' title='bbox 917 1211 1127 1290; x_wconf 74' lang='lat' dir='ltr'>quatriduum</span> 
     </span>
     <span class='ocr_line' id='line_1_9' title="bbox 73 1306 1127 1393; baseline 0.001 -21"><span class='ocrx_word' id='word_1_69' title='bbox 73 1306 221 1393; x_wconf 76' lang='lat' dir='ltr'>perfecit.</span> <span class='ocrx_word' id='word_1_70' title='bbox 262 1308 336 1369; x_wconf 81' lang='lat' dir='ltr'>vid.</span> <span class='ocrx_word' id='word_1_71' title='bbox 352 1309 474 1371; x_wconf 78' lang='lat' dir='ltr'>Arrian.</span> <span class='ocrx_word' id='word_1_72' title='bbox 491 1310 532 1371; x_wconf 91' lang='lat' dir='ltr'>de</span> <span class='ocrx_word' id='word_1_73' title='bbox 546 1330 619 1392; x_wconf 81' lang='lat' dir='ltr'>exp.</span> <span class='ocrx_word' id='word_1_74' title='bbox 638 1311 728 1373; x_wconf 77' lang='lat' dir='ltr'>Alex.</span> <span class='ocrx_word' id='word_1_75' title='bbox 748 1324 781 1387; x_wconf 74' lang='lat'>3.</span> <span class='ocrx_word' id='word_1_76' title='bbox 799 1312 846 1373; x_wconf 90' lang='lat' dir='ltr'>in.</span> <span class='ocrx_word' id='word_1_77' title='bbox 862 1324 896 1373; x_wconf 91' lang='lat' dir='ltr'>et</span> <span class='ocrx_word' id='word_1_78' title='bbox 914 1310 955 1393; x_wconf 89' lang='lat' dir='ltr'>sq.</span> <span class='ocrx_word' id='word_1_79' title='bbox 991 1312 1127 1375; x_wconf 77' lang='lat' dir='ltr'>curtim</span> 
     </span>
     <span class='ocr_line' id='line_1_10' title="bbox 75 1408 1128 1495; baseline 0.002 -24"><span class='ocrx_word' id='word_1_80' title='bbox 75 1428 111 1493; x_wconf 75' lang='grc'>4,</span> <span class='ocrx_word' id='word_1_81' title='bbox 128 1428 165 1495; x_wconf 85' lang='lat'>7.</span> <span class='ocrx_word' id='word_1_82' title='bbox 201 1409 339 1473; x_wconf 88' lang='lat' dir='ltr'>Diodor.</span> <span class='ocrx_word' id='word_1_83' title='bbox 359 1408 423 1473; x_wconf 88' lang='lat' dir='ltr'>Sic.</span> <span class='ocrx_word' id='word_1_84' title='bbox 446 1425 498 1485; x_wconf 75' lang='lat'>17.</span> <span class='ocrx_word' id='word_1_85' title='bbox 517 1422 566 1491; x_wconf 69' lang='lat'>49</span> <span class='ocrx_word' id='word_1_86' title='bbox 584 1410 605 1472; x_wconf 92' lang='lat' dir='ltr'>s.</span> <span class='ocrx_word' id='word_1_87' title='bbox 631 1433 671 1473; x_wconf 87' lang='lat' dir='ltr'>ex</span> <span class='ocrx_word' id='word_1_88' title='bbox 693 1413 785 1473; x_wconf 86' lang='lat' dir='ltr'>cuiue</span> <span class='ocrx_word' id='word_1_89' title='bbox 802 1411 1015 1494; x_wconf 71' lang='lat' dir='ltr'>descriptione</span> <span class='ocrx_word' id='word_1_90' title='bbox 1034 1413 1128 1494; x_wconf 83' lang='lat' dir='ltr'>adpa-</span> 
     </span>
     <span class='ocr_line' id='line_1_11' title="bbox 74 1510 1128 1596; baseline 0.002 -22"><span class='ocrx_word' id='word_1_91' title='bbox 74 1527 141 1587; x_wconf 73' lang='lat' dir='ltr'>ret.</span> <span class='ocrx_word' id='word_1_92' title='bbox 177 1513 215 1573; x_wconf 88' lang='lat' dir='ltr'>in</span> <span class='ocrx_word' id='word_1_93' title='bbox 237 1510 468 1573; x_wconf 83' lang='lat' dir='ltr'>mediterranea</span> <span class='ocrx_word' id='word_1_94' title='bbox 488 1532 565 1574; x_wconf 88' lang='lat' dir='ltr'>eum</span> <span class='ocrx_word' id='word_1_95' title='bbox 588 1511 789 1596; x_wconf 84' lang='lat' dir='ltr'>profectum,</span> <span class='ocrx_word' id='word_1_96' title='bbox 821 1512 930 1576; x_wconf 81' lang='lat' dir='ltr'>versut</span> <span class='ocrx_word' id='word_1_97' title='bbox 954 1510 1128 1576; x_wconf 86' lang='lat' dir='ltr'>meridiem</span> 
     </span>
     <span class='ocr_line' id='line_1_12' title="bbox 75 1611 1125 1697; baseline 0 -20"><span class='ocrx_word' id='word_1_98' title='bbox 75 1613 168 1677; x_wconf 84' lang='lat' dir='ltr'>luisse</span> <span class='ocrx_word' id='word_1_99' title='bbox 202 1612 439 1697; x_wconf 80' lang='lat' dir='ltr'>Troglodytae.</span> <span class='ocrx_word' id='word_1_100' title='bbox 478 1611 586 1676; x_wconf 80' lang='lat' dir='ltr'>versus</span> <span class='ocrx_word' id='word_1_101' title='bbox 620 1613 882 1696; x_wconf 78' lang='lat' dir='ltr'>septemtrionem</span> <span class='ocrx_word' id='word_1_102' title='bbox 918 1614 1125 1687; x_wconf 78' lang='lat' dir='ltr'>Nasamones.</span> 
     </span>
     <span class='ocr_line' id='line_1_13' title="bbox 76 1714 1128 1804; baseline -0.004 -24"><span class='ocrx_word' id='word_1_103' title='bbox 76 1730 211 1804; x_wconf 69' lang='lat' dir='ltr'>gentem</span> <span class='ocrx_word' id='word_1_104' title='bbox 230 1716 406 1795; x_wconf 77' lang='lat' dir='ltr'>Syrticam,</span> <span class='ocrx_word' id='word_1_105' title='bbox 432 1714 471 1775; x_wconf 90' lang='lat' dir='ltr'>ab</span> <span class='ocrx_word' id='word_1_106' title='bbox 488 1714 622 1778; x_wconf 84' lang='lat' dir='ltr'>Oriente</span> <span class='ocrx_word' id='word_1_107' title='bbox 639 1717 826 1799; x_wconf 82' lang='lat' dir='ltr'>Aethiopae.</span> <span class='ocrx_word' id='word_1_108' title='bbox 866 1717 953 1779; x_wconf 86' lang='lat' dir='ltr'>Hinc</span> <span class='ocrx_word' id='word_1_109' title='bbox 968 1730 1000 1779; x_wconf 90' lang='lat' dir='ltr'>et</span> <span class='ocrx_word' id='word_1_110' title='bbox 1021 1718 1128 1798; x_wconf 85' lang='lat' dir='ltr'>proxi·</span> 
     </span>
     <span class='ocr_line' id='line_1_14' title="bbox 75 1816 1128 1900; baseline -0.003 -16"><span class='ocrx_word' id='word_1_111' title='bbox 75 1838 129 1885; x_wconf 83' lang='lat' dir='ltr'>me</span> <span class='ocrx_word' id='word_1_112' title='bbox 155 1836 237 1881; x_wconf 82' lang='lat' dir='ltr'>vero</span> <span class='ocrx_word' id='word_1_113' title='bbox 260 1817 347 1899; x_wconf 87' lang='lat' dir='ltr'>apud</span> <span class='ocrx_word' id='word_1_114' title='bbox 368 1816 572 1881; x_wconf 74' lang='lat' dir='ltr'>Garamantas</span> <span class='ocrx_word' id='word_1_115' title='bbox 598 1838 615 1879; x_wconf 89' lang='lat' dir='ltr'>a</span> <span class='ocrx_word' id='word_1_116' title='bbox 638 1819 771 1879; x_wconf 87' lang='lat' dir='ltr'>Lucano</span> <span class='ocrx_word' id='word_1_117' title='bbox 794 1836 829 1900; x_wconf 85' lang='lat'>9.</span> <span class='ocrx_word' id='word_1_118' title='bbox 852 1832 938 1897; x_wconf 79' lang='lat'>513.</span> <span class='ocrx_word' id='word_1_119' title='bbox 962 1821 1061 1900; x_wconf 85' lang='lat' dir='ltr'>poni,</span> <span class='ocrx_word' id='word_1_120' title='bbox 1091 1820 1128 1881; x_wconf 86' lang='lat' dir='ltr'>in</span> 
     </span>
     <span class='ocr_line' id='line_1_15' title="bbox 74 1918 1128 2003; baseline -0.003 -19"><span class='ocrx_word' id='word_1_121' title='bbox 74 1923 148 1985; x_wconf 82' lang='lat' dir='ltr'>eiua</span> <span class='ocrx_word' id='word_1_122' title='bbox 161 1918 311 2003; x_wconf 74' lang='lat' dir='ltr'>apologia</span> <span class='ocrx_word' id='word_1_123' title='bbox 330 1938 364 2001; x_wconf 90' lang='lat' dir='ltr'>p.</span> <span class='ocrx_word' id='word_1_124' title='bbox 380 1928 442 1998; x_wconf 71' lang='lat'>43.</span> <span class='ocrx_word' id='word_1_125' title='bbox 465 1918 572 1981; x_wconf 89' lang='lat' dir='ltr'>censet</span> <span class='ocrx_word' id='word_1_126' title='bbox 586 1920 777 1989; x_wconf 87' lang='lat' dir='ltr'>Palmeriue.</span> <span class='ocrx_word' id='word_1_127' title='bbox 806 1920 863 1983; x_wconf 86' lang='lat' dir='ltr'>etsr</span> <span class='ocrx_word' id='word_1_128' title='bbox 884 1940 998 1983; x_wconf 83' lang='lat' dir='ltr'>verum</span> <span class='ocrx_word' id='word_1_129' title='bbox 1018 1920 1128 1981; x_wconf 87' lang='lat' dir='ltr'>locum</span> 
     </span>
     <span class='ocr_line' id='line_1_16' title="bbox 75 2020 1128 2105; baseline -0.002 -18"><span class='ocrx_word' id='word_1_130' title='bbox 75 2024 216 2087; x_wconf 89' lang='lat' dir='ltr'>omuino</span> <span class='ocrx_word' id='word_1_131' title='bbox 246 2021 386 2105; x_wconf 75' lang='lat' dir='ltr'>ignorari</span> <span class='ocrx_word' id='word_1_132' title='bbox 413 2020 573 2083; x_wconf 89' lang='lat' dir='ltr'>concedit.</span> <span class='ocrx_word' id='word_1_133' title='bbox 625 2023 665 2083; x_wconf 91' lang='lat' dir='ltr'>ln</span> <span class='ocrx_word' id='word_1_134' title='bbox 693 2022 936 2084; x_wconf 78' lang='lat' dir='ltr'>mediterraneis</span> <span class='ocrx_word' id='word_1_135' title='bbox 968 2020 1128 2085; x_wconf 74' lang='lat' dir='ltr'>consentit</span> 
     </span>
     <span class='ocr_line' id='line_1_17' title="bbox 12 2116 1129 2205; baseline -0.006 -15"><span class='ocrx_word' id='word_1_136' title='bbox 12 2116 16 2121; x_wconf 44' lang='lat'>¹</span> <span class='ocrx_word' id='word_1_137' title='bbox 74 2127 175 2190; x_wconf 80' lang='lat' dir='ltr'>etiam</span> <span class='ocrx_word' id='word_1_138' title='bbox 190 2121 416 2185; x_wconf 71' lang='lat' dir='ltr'>Eratosthenes</span> <span class='ocrx_word' id='word_1_139' title='bbox 430 2124 515 2205; x_wconf 89' lang='lat' dir='ltr'>apud</span> <span class='ocrx_word' id='word_1_140' title='bbox 532 2120 682 2185; x_wconf 84' lang='lat' dir='ltr'>Strabon.</span> <span class='ocrx_word' id='word_1_141' title='bbox 705 2144 735 2186; x_wconf 89' lang='lat' dir='ltr'>r.</span> <span class='ocrx_word' id='word_1_142' title='bbox 756 2144 788 2205; x_wconf 89' lang='lat' dir='ltr'>p.</span> <span class='ocrx_word' id='word_1_143' title='bbox 808 2138 869 2203; x_wconf 73' lang='lat'>34.</span> <span class='ocrx_word' id='word_1_144' title='bbox 886 2121 906 2183; x_wconf 91' lang='lat' dir='ltr'>s.</span> <span class='ocrx_word' id='word_1_145' title='bbox 920 2136 980 2199; x_wconf 83' lang='lat'>50.</span> <span class='ocrx_word' id='word_1_146' title='bbox 1006 2125 1063 2203; x_wconf 83' lang='lat' dir='ltr'>qni</span> <span class='ocrx_word' id='word_1_147' title='bbox 1085 2136 1129 2183; x_wconf 88' lang='lat' dir='ltr'>ta·</span> 
     </span>
     <span class='ocr_line' id='line_1_18' title="bbox 75 2222 1129 2305; baseline -0.004 -14"><span class='ocrx_word' id='word_1_148' title='bbox 75 2247 154 2291; x_wconf 88' lang='lat' dir='ltr'>men</span> <span class='ocrx_word' id='word_1_149' title='bbox 174 2223 369 2287; x_wconf 88' lang='lat' dir='ltr'>celebritatia</span> <span class='ocrx_word' id='word_1_150' title='bbox 385 2222 471 2285; x_wconf 78' lang='lat' dir='ltr'>causa</span> <span class='ocrx_word' id='word_1_151' title='bbox 490 2223 569 2284; x_wconf 89' lang='lat' dir='ltr'>olim</span> <span class='ocrx_word' id='word_1_152' title='bbox 591 2223 631 2285; x_wconf 90' lang='lat' dir='ltr'>ad</span> <span class='ocrx_word' id='word_1_153' title='bbox 655 2242 741 2286; x_wconf 87' lang='lat' dir='ltr'>mare</span> <span class='ocrx_word' id='word_1_154' title='bbox 764 2223 858 2285; x_wconf 74' lang='lat' dir='ltr'>situm</span> <span class='ocrx_word' id='word_1_155' title='bbox 880 2223 968 2285; x_wconf 80' lang='lat' dir='ltr'>fuisse</span> <span class='ocrx_word' id='word_1_156' title='bbox 990 2236 1129 2305; x_wconf 85' lang='lat' dir='ltr'>putarat.</span> 
     </span>
     <span class='ocr_line' id='line_1_19' title="bbox 75 2324 1129 2408; baseline -0.001 -18"><span class='ocrx_word' id='word_1_157' title='bbox 75 2328 129 2395; x_wconf 71' lang='grc' dir='ltr'>Οἱ.</span> <span class='ocrx_word' id='word_1_158' title='bbox 146 2328 247 2390; x_wconf 87' lang='lat' dir='ltr'>etiam</span> <span class='ocrx_word' id='word_1_159' title='bbox 264 2325 305 2388; x_wconf 90' lang='lat' dir='ltr'>de</span> <span class='ocrx_word' id='word_1_160' title='bbox 330 2325 389 2385; x_wconf 92' lang='lat' dir='ltr'>litu</span> <span class='ocrx_word' id='word_1_161' title='bbox 409 2324 623 2408; x_wconf 85' lang='lat' dir='ltr'>Oudendorp.</span> <span class='ocrx_word' id='word_1_162' title='bbox 640 2324 679 2386; x_wconf 91' lang='lat' dir='ltr'>ad</span> <span class='ocrx_word' id='word_1_163' title='bbox 701 2326 818 2387; x_wconf 86' lang='lat' dir='ltr'>Lucan.</span> <span class='ocrx_word' id='word_1_164' title='bbox 836 2342 871 2404; x_wconf 87' lang='lat'>9.</span> <span class='ocrx_word' id='word_1_165' title='bbox 890 2338 975 2401; x_wconf 79' lang='lat'>512.</span> <span class='ocrx_word' id='word_1_166' title='bbox 992 2336 1025 2385; x_wconf 89' lang='lat' dir='ltr'>et</span> <span class='ocrx_word' id='word_1_167' title='bbox 1041 2335 1129 2402; x_wconf 62' lang='grc' dir='ltr'>με).</span> 
     </span>
     <span class='ocr_line' id='line_1_20' title="bbox 23 2425 1129 2503; baseline -0.007 -8"><span class='ocrx_word' id='word_1_168' title='bbox 23 2475 34 2503; x_wconf 84' lang='lat'>.</span> <span class='ocrx_word' id='word_1_169' title='bbox 77 2434 206 2495; x_wconf 86' lang='lat' dir='ltr'>Omner</span> <span class='ocrx_word' id='word_1_170' title='bbox 225 2440 335 2491; x_wconf 89' lang='lat' dir='ltr'>autem</span> <span class='ocrx_word' id='word_1_171' title='bbox 357 2430 390 2487; x_wconf 88' lang='lat' dir='ltr'>in</span> <span class='ocrx_word' id='word_1_172' title='bbox 412 2429 480 2488; x_wconf 87' lang='lat' dir='ltr'>eiue</span> <span class='ocrx_word' id='word_1_173' title='bbox 501 2428 590 2487; x_wconf 87' lang='lat' dir='ltr'>aditu</span> <span class='ocrx_word' id='word_1_174' title='bbox 612 2440 870 2487; x_wconf 76' lang='lat' dir='ltr'>commemorant</span> <span class='ocrx_word' id='word_1_175' title='bbox 889 2425 1078 2487; x_wconf 79' lang='lat' dir='ltr'>solitudines</span> <span class='ocrx_word' id='word_1_176' title='bbox 1093 2438 1129 2487; x_wconf 86' lang='lat' dir='ltr'>at</span> 
     </span>
     <span class='ocr_line' id='line_1_21' title="bbox 78 2524 1130 2615; baseline -0.01 -16"><span class='ocrx_word' id='word_1_177' title='bbox 78 2550 207 2601; x_wconf 80' lang='lat' dir='ltr'>arenae.</span> <span class='ocrx_word' id='word_1_178' title='bbox 233 2529 326 2615; x_wconf 83' lang='lat' dir='ltr'>(rid.</span> <span class='ocrx_word' id='word_1_179' title='bbox 347 2544 438 2589; x_wconf 89' lang='lat' dir='ltr'>antea</span> <span class='ocrx_word' id='word_1_180' title='bbox 461 2529 501 2589; x_wconf 90' lang='lat' dir='ltr'>de</span> <span class='ocrx_word' id='word_1_181' title='bbox 522 2526 687 2605; x_wconf 80' lang='lat' dir='ltr'>Cambysu</span> <span class='ocrx_word' id='word_1_182' title='bbox 705 2524 869 2610; x_wconf 84' lang='lat' dir='ltr'>exercitu)</span> <span class='ocrx_word' id='word_1_183' title='bbox 900 2524 998 2609; x_wconf 83' lang='lat' dir='ltr'>ipsam</span> <span class='ocrx_word' id='word_1_184' title='bbox 1020 2542 1130 2591; x_wconf 85' lang='lat' dir='ltr'>tamen</span> 
     </span>
     <span class='ocr_line' id='line_1_22' title="bbox 80 2627 1129 2711; baseline -0.004 -16"><span class='ocrx_word' id='word_1_185' title='bbox 80 2637 189 2697; x_wconf 90' lang='lat' dir='ltr'>sedem</span> <span class='ocrx_word' id='word_1_186' title='bbox 220 2630 373 2695; x_wconf 84' lang='lat' dir='ltr'>arborum</span> <span class='ocrx_word' id='word_1_187' title='bbox 401 2627 571 2692; x_wconf 87' lang='lat' dir='ltr'>densarum</span> <span class='ocrx_word' id='word_1_188' title='bbox 596 2628 720 2690; x_wconf 87' lang='lat' dir='ltr'>umbrie</span> <span class='ocrx_word' id='word_1_189' title='bbox 749 2641 782 2691; x_wconf 94' lang='lat' dir='ltr'>et</span> <span class='ocrx_word' id='word_1_190' title='bbox 806 2648 959 2711; x_wconf 87' lang='lat' dir='ltr'>aquarum</span> <span class='ocrx_word' id='word_1_191' title='bbox 984 2628 1129 2691; x_wconf 79' lang='lat' dir='ltr'>dulciora</span> 
     </span>
     <span class='ocr_line' id='line_1_23' title="bbox 81 2729 1130 2812; baseline -0.004 -15"><span class='ocrx_word' id='word_1_192' title='bbox 81 2734 228 2799; x_wconf 86' lang='lat' dir='ltr'>sontibur</span> <span class='ocrx_word' id='word_1_193' title='bbox 242 2750 413 2795; x_wconf 83' lang='lat' dir='ltr'>amoenam</span> <span class='ocrx_word' id='word_1_194' title='bbox 436 2731 628 2812; x_wconf 87' lang='lat' dir='ltr'>praedicant.</span> <span class='ocrx_word' id='word_1_195' title='bbox 681 2730 805 2793; x_wconf 89' lang='lat' dir='ltr'>Locum</span> <span class='ocrx_word' id='word_1_196' title='bbox 821 2744 856 2794; x_wconf 89' lang='lat' dir='ltr'>et</span> <span class='ocrx_word' id='word_1_197' title='bbox 876 2731 975 2793; x_wconf 88' lang='lat' dir='ltr'>hodie</span> <span class='ocrx_word' id='word_1_198' title='bbox 993 2729 1130 2812; x_wconf 84' lang='lat' dir='ltr'>quaeste-</span> 
     </span>
     <span class='ocr_line' id='line_1_24' title="bbox 81 2830 1130 2914; baseline -0.008 -13"><span class='ocrx_word' id='word_1_199' title='bbox 81 2850 175 2913; x_wconf 85' lang='lat' dir='ltr'>runt;</span> <span class='ocrx_word' id='word_1_200' title='bbox 202 2836 369 2901; x_wconf 83' lang='lat' dir='ltr'>Olivnriue</span> <span class='ocrx_word' id='word_1_201' title='bbox 382 2832 422 2894; x_wconf 88' lang='lat' dir='ltr'>ad</span> <span class='ocrx_word' id='word_1_202' title='bbox 441 2833 514 2896; x_wconf 88' lang='lat' dir='ltr'>h.1.</span> <span class='ocrx_word' id='word_1_203' title='bbox 535 2832 598 2894; x_wconf 92' lang='lat' dir='ltr'>dici</span> <span class='ocrx_word' id='word_1_204' title='bbox 615 2845 706 2914; x_wconf 87' lang='lat' dir='ltr'>putat</span> <span class='ocrx_word' id='word_1_205' title='bbox 724 2832 769 2893; x_wconf 81' lang='lat' dir='ltr'>El</span> <span class='ocrx_word' id='word_1_206' title='bbox 792 2830 978 2895; x_wconf 83' lang='lat' dir='ltr'>Gmtearrort</span> <span class='ocrx_word' id='word_1_207' title='bbox 993 2832 1033 2893; x_wconf 83' lang='lat' dir='ltr'>de</span> <span class='ocrx_word' id='word_1_208' title='bbox 1052 2832 1130 2895; x_wconf 88' lang='lat' dir='ltr'>Mo·</span> 
     </span>
     <span class='ocr_line' id='line_1_25' title="bbox 83 2930 1132 3017; baseline -0.01 -13"><span class='ocrx_word' id='word_1_209' title='bbox 83 2942 191 3004; x_wconf 74' lang='lat' dir='ltr'>ltoatm</span> <span class='ocrx_word' id='word_1_210' title='bbox 237 2936 366 2999; x_wconf 85' lang='lat' dir='ltr'>Maillet</span> <span class='ocrx_word' id='word_1_211' title='bbox 383 2954 417 3017; x_wconf 90' lang='lat' dir='ltr'>p.</span> <span class='ocrx_word' id='word_1_212' title='bbox 436 2933 507 3013; x_wconf 68' lang='lat'>296</span> <span class='ocrx_word' id='word_1_213' title='bbox 524 2930 567 3016; x_wconf 86' lang='lat' dir='ltr'>[q.</span> <span class='ocrx_word' id='word_1_214' title='bbox 591 2934 723 2996; x_wconf 82' lang='lat' dir='ltr'>Arabica</span> <span class='ocrx_word' id='word_1_215' title='bbox 741 2934 1012 3003; x_wconf 68' lang='lat' dir='ltr'>Come-Ammon,</span> <span class='ocrx_word' id='word_1_216' title='bbox 1038 2935 1132 2999; x_wconf 82' lang='lat' dir='ltr'>cuiue</span> 
     </span>
     <span class='ocr_line' id='line_1_26' title="bbox 32 3034 1129 3123; baseline -0.005 -19"><span class='ocrx_word' id='word_1_217' title='bbox 32 3046 41 3121; x_wconf 27' lang='grc' dir='ltr'>Ἰ</span> <span class='ocrx_word' id='word_1_218' title='bbox 84 3044 192 3105; x_wconf 86' lang='lat' dir='ltr'>ruinae</span> <span class='ocrx_word' id='word_1_219' title='bbox 223 3036 388 3123; x_wconf 77' lang='lat' dir='ltr'>pristinam</span> <span class='ocrx_word' id='word_1_220' title='bbox 420 3035 635 3098; x_wconf 84' lang='lat' dir='ltr'>celebritatem</span> <span class='ocrx_word' id='word_1_221' title='bbox 671 3036 833 3107; x_wconf 83' lang='lat' dir='ltr'>indicant.</span> <span class='ocrx_word' id='word_1_222' title='bbox 865 3036 921 3098; x_wconf 76' lang='lat' dir='ltr'>etsi</span> <span class='ocrx_word' id='word_1_223' title='bbox 947 3034 1060 3117; x_wconf 87' lang='lat' dir='ltr'>templi</span> <span class='ocrx_word' id='word_1_224' title='bbox 1086 3052 1129 3099; x_wconf 84' lang='lat' dir='ltr'>ue</span> 
     </span>
     <span class='ocr_line' id='line_1_27' title="bbox 10 3136 1130 3229; baseline -0.008 -26"><span class='ocrx_word' id='word_1_225' title='bbox 10 3192 12 3203; x_wconf 93' lang='lat'>.</span> <span class='ocrx_word' id='word_1_226' title='bbox 37 3154 42 3203; x_wconf 76' lang='lat' dir='ltr'>t</span> <span class='ocrx_word' id='word_1_227' title='bbox 86 3142 255 3229; x_wconf 70' lang='lat' dir='ltr'>uestigium</span> <span class='ocrx_word' id='word_1_228' title='bbox 270 3138 403 3223; x_wconf 86' lang='lat' dir='ltr'>quidem</span> <span class='ocrx_word' id='word_1_229' title='bbox 416 3138 609 3220; x_wconf 81' lang='lat' dir='ltr'>reperiatur3</span> <span class='ocrx_word' id='word_1_230' title='bbox 633 3136 743 3199; x_wconf 88' lang='lat' dir='ltr'>Poiret</span> <span class='ocrx_word' id='word_1_231' title='bbox 757 3138 791 3197; x_wconf 87' lang='lat' dir='ltr'>in</span> <span class='ocrx_word' id='word_1_232' title='bbox 804 3136 925 3199; x_wconf 89' lang='lat' dir='ltr'>introd.</span> <span class='ocrx_word' id='word_1_233' title='bbox 942 3137 979 3197; x_wconf 87' lang='lat' dir='ltr'>ad</span> <span class='ocrx_word' id='word_1_234' title='bbox 998 3138 1035 3199; x_wconf 90' lang='lat' dir='ltr'>it.</span> <span class='ocrx_word' id='word_1_235' title='bbox 1049 3157 1082 3218; x_wconf 90' lang='lat' dir='ltr'>p.</span> <span class='ocrx_word' id='word_1_236' title='bbox 1092 3145 1130 3215; x_wconf 78' lang='lat'>4.</span> 
     </span>
     <span class='ocr_line' id='line_1_28' title="bbox 10 3236 1131 3329; baseline -0.011 -21"><span class='ocrx_word' id='word_1_237' title='bbox 10 3290 20 3315; x_wconf 94' lang='lat'>.</span> <span class='ocrx_word' id='word_1_238' title='bbox 89 3244 225 3329; x_wconf 67' lang='lat' dir='ltr'>ignorari</span> <span class='ocrx_word' id='word_1_239' title='bbox 238 3238 363 3311; x_wconf 88' lang='lat' dir='ltr'>censet.</span> <span class='ocrx_word' id='word_1_240' title='bbox 389 3258 466 3301; x_wconf 88' lang='lat' dir='ltr'>cum</span> <span class='ocrx_word' id='word_1_241' title='bbox 484 3250 618 3321; x_wconf 84' lang='lat' dir='ltr'>propter</span> <span class='ocrx_word' id='word_1_242' title='bbox 636 3256 745 3299; x_wconf 81' lang='lat' dir='ltr'>arenae</span> <span class='ocrx_word' id='word_1_243' title='bbox 764 3238 910 3301; x_wconf 78' lang='lat' dir='ltr'>ardentes</span> <span class='ocrx_word' id='word_1_244' title='bbox 927 3236 1004 3299; x_wconf 87' lang='lat' dir='ltr'>inde</span> <span class='ocrx_word' id='word_1_245' title='bbox 1021 3236 1060 3298; x_wconf 88' lang='lat' dir='ltr'>ab</span> <span class='ocrx_word' id='word_1_246' title='bbox 1076 3236 1131 3297; x_wconf 86' lang='lat' dir='ltr'>ali·</span> 
     </span>
     <span class='ocr_line' id='line_1_29' title="bbox 10 3336 1130 3429; baseline -0.013 -16"><span class='ocrx_word' id='word_1_247' title='bbox 10 3380 21 3413; x_wconf 84' lang='lat'>.-</span> <span class='ocrx_word' id='word_1_248' title='bbox 91 3358 166 3429; x_wconf 84' lang='lat' dir='ltr'>qnot</span> <span class='ocrx_word' id='word_1_249' title='bbox 190 3342 320 3411; x_wconf 77' lang='lat' dir='ltr'>uentu</span> <span class='ocrx_word' id='word_1_250' title='bbox 351 3358 450 3404; x_wconf 88' lang='lat' dir='ltr'>nemo</span> <span class='ocrx_word' id='word_1_251' title='bbox 474 3340 562 3403; x_wconf 87' lang='lat' dir='ltr'>adire</span> <span class='ocrx_word' id='word_1_252' title='bbox 594 3336 791 3413; x_wconf 67' lang='lat' dir='ltr'>sustinuerim</span> <span class='ocrx_word' id='word_1_253' title='bbox 832 3337 885 3403; x_wconf 88' lang='lat' dir='ltr'>sed</span> <span class='ocrx_word' id='word_1_254' title='bbox 910 3338 993 3399; x_wconf 88' lang='lat' dir='ltr'>dnm</span> <span class='ocrx_word' id='word_1_255' title='bbox 1028 3356 1130 3421; x_wconf 87' lang='lat' dir='ltr'>prope</span> 
     </span>
     <span class='ocr_line' id='line_1_30' title="bbox 10 3441 1131 3533; baseline -0.007 -20"><span class='ocrx_word' id='word_1_256' title='bbox 10 3474 54 3517; x_wconf 64' lang='lat' dir='ltr'>a*</span> <span class='ocrx_word' id='word_1_257' title='bbox 93 3466 182 3533; x_wconf 71' lang='lat' dir='ltr'>regua</span> <span class='ocrx_word' id='word_1_258' title='bbox 197 3445 441 3529; x_wconf 80' lang='lat' dir='ltr'>Tripolitanum</span> <span class='ocrx_word' id='word_1_259' title='bbox 454 3456 489 3505; x_wconf 90' lang='lat' dir='ltr'>et</span> <span class='ocrx_word' id='word_1_260' title='bbox 505 3441 684 3503; x_wconf 80' lang='lat' dir='ltr'>Berconum</span> <span class='ocrx_word' id='word_1_261' title='bbox 706 3441 863 3524; x_wconf 90' lang='lat' dir='ltr'>templum</span> <span class='ocrx_word' id='word_1_262' title='bbox 883 3441 988 3523; x_wconf 85' lang='lat' dir='ltr'>ponit.</span> <span class='ocrx_word' id='word_1_263' title='bbox 1014 3460 1030 3501; x_wconf 90' lang='lat' dir='ltr'>a</span> <span class='ocrx_word' id='word_1_264' title='bbox 1052 3458 1131 3505; x_wconf 78' lang='lat' dir='ltr'>vere</span> 
     </span>
     <span class='ocr_line' id='line_1_31' title="bbox 10 3524 1132 3625; baseline -0.011 -10"><span class='ocrx_word' id='word_1_265' title='bbox 10 3524 62 3615; x_wconf 63' lang='lat' dir='ltr'>eq</span> <span class='ocrx_word' id='word_1_266' title='bbox 98 3548 149 3611; x_wconf 86' lang='lat' dir='ltr'>suu</span> <span class='ocrx_word' id='word_1_267' title='bbox 169 3544 320 3613; x_wconf 85' lang='lat' dir='ltr'>aberrasse</span> <span class='ocrx_word' id='word_1_268' title='bbox 346 3546 485 3607; x_wconf 83' lang='lat' dir='ltr'>videtur.</span> <span class='ocrx_word' id='word_1_269' title='bbox 537 3542 650 3625; x_wconf 87' lang='lat' dir='ltr'>Nuper</span> <span class='ocrx_word' id='word_1_270' title='bbox 668 3554 775 3607; x_wconf 86' lang='lat' dir='ltr'>tamen</span> <span class='ocrx_word' id='word_1_271' title='bbox 796 3543 847 3604; x_wconf 90' lang='lat' dir='ltr'>illa</span> <span class='ocrx_word' id='word_1_272' title='bbox 868 3544 937 3605; x_wconf 89' lang='lat' dir='ltr'>loca</span> <span class='ocrx_word' id='word_1_273' title='bbox 959 3542 1132 3625; x_wconf 76' lang='lat' dir='ltr'>diligenter</span> 
     </span>
     <span class='ocr_line' id='line_1_32' title="bbox 10 3642 1130 3733; baseline -0.009 -18"><span class='ocrx_word' id='word_1_274' title='bbox 10 3676 33 3715; x_wconf 75' lang='lat' dir='ltr'>r</span> <span class='ocrx_word' id='word_1_275' title='bbox 98 3650 288 3733; x_wconf 60' lang='lat' dir='ltr'>perlustrant</span> <span class='ocrx_word' id='word_1_276' title='bbox 302 3648 566 3714; x_wconf 84' lang='lat' dir='ltr'>Hornemannue.</span> <span class='ocrx_word' id='word_1_277' title='bbox 593 3656 627 3706; x_wconf 91' lang='lat' dir='ltr'>et</span> <span class='ocrx_word' id='word_1_278' title='bbox 649 3642 861 3727; x_wconf 85' lang='lat' dir='ltr'>descriptione</span> <span class='ocrx_word' id='word_1_279' title='bbox 882 3643 967 3705; x_wconf 87' lang='lat' dir='ltr'>edita</span> <span class='ocrx_word' id='word_1_280' title='bbox 989 3643 1130 3706; x_wconf 82' lang='lat' dir='ltr'>testatam</span> 
     </span>
     <span class='ocr_line' id='line_1_33' title="bbox 10 3743 1133 3829; baseline -0.012 -14"><span class='ocrx_word' id='word_1_281' title='bbox 10 3774 33 3815; x_wconf 72' lang='lat' dir='ltr'>a·</span> <span class='ocrx_word' id='word_1_282' title='bbox 99 3748 164 3815; x_wconf 86' lang='lat' dir='ltr'>lecit</span> <span class='ocrx_word' id='word_1_283' title='bbox 178 3754 278 3817; x_wconf 80' lang='lat' dir='ltr'>fidem</span> <span class='ocrx_word' id='word_1_284' title='bbox 299 3750 491 3814; x_wconf 85' lang='lat' dir='ltr'>narratlonir</span> <span class='ocrx_word' id='word_1_285' title='bbox 511 3746 671 3809; x_wconf 85' lang='lat' dir='ltr'>Herodoti</span> <span class='ocrx_word' id='word_1_286' title='bbox 687 3757 722 3825; x_wconf 84' lang='lat'>4.</span> <span class='ocrx_word' id='word_1_287' title='bbox 746 3758 810 3825; x_wconf 73' lang='lat' dir='ltr'>rat</span> <span class='ocrx_word' id='word_1_288' title='bbox 832 3743 875 3829; x_wconf 87' lang='lat' dir='ltr'>sq.</span> <span class='ocrx_word' id='word_1_289' title='bbox 925 3744 1061 3828; x_wconf 84' lang='lat' dir='ltr'>Quaerit</span> <span class='ocrx_word' id='word_1_290' title='bbox 1078 3762 1133 3803; x_wconf 83' lang='lat' dir='ltr'>au·</span> 
     </span>
     <span class='ocr_line' id='line_1_34' title="bbox 10 3842 1128 3926; baseline -0.008 -13"><span class='ocrx_word' id='word_1_291' title='bbox 10 3874 31 3913; x_wconf 84' lang='lat' dir='ltr'>e.</span> <span class='ocrx_word' id='word_1_292' title='bbox 100 3866 158 3919; x_wconf 86' lang='lat' dir='ltr'>tem</span> <span class='ocrx_word' id='word_1_293' title='bbox 181 3856 256 3926; x_wconf 84' lang='lat' dir='ltr'>ille.</span> <span class='ocrx_word' id='word_1_294' title='bbox 286 3854 344 3915; x_wconf 89' lang='lat' dir='ltr'>ubi</span> <span class='ocrx_word' id='word_1_295' title='bbox 367 3852 402 3915; x_wconf 90' lang='lat' dir='ltr'>h.</span> <span class='ocrx_word' id='word_1_296' title='bbox 426 3848 544 3912; x_wconf 81' lang='lat' dir='ltr'>Sitoast.</span> <span class='ocrx_word' id='word_1_297' title='bbox 598 3848 671 3910; x_wconf 90' lang='lat' dir='ltr'>Vid.</span> <span class='ocrx_word' id='word_1_298' title='bbox 699 3846 741 3911; x_wconf 89' lang='lat' dir='ltr'>ei.</span> <span class='ocrx_word' id='word_1_299' title='bbox 762 3846 856 3911; x_wconf 79' lang='lat' dir='ltr'>Reise</span> <span class='ocrx_word' id='word_1_300' title='bbox 877 3846 961 3908; x_wconf 87' lang='lat' dir='ltr'>nach</span> <span class='ocrx_word' id='word_1_301' title='bbox 987 3842 1128 3907; x_wconf 78' lang='lat' dir='ltr'>ltiuezuk</span> 
     </span>
     <span class='ocr_line' id='line_1_35' title="bbox 10 3946 1132 4041; baseline -0.01 -26"><span class='ocrx_word' id='word_1_302' title='bbox 10 3978 34 4015; x_wconf 84' lang='lat' dir='ltr'>r.</span> <span class='ocrx_word' id='word_1_303' title='bbox 99 3974 125 4037; x_wconf 80' lang='lat' dir='ltr'>p.</span> <span class='ocrx_word' id='word_1_304' title='bbox 141 3972 183 4037; x_wconf 62' lang='grc' dir='ltr'>πῇ</span> <span class='ocrx_word' id='word_1_305' title='bbox 194 3956 259 4041; x_wconf 89' lang='lat' dir='ltr'>sqq.</span> <span class='ocrx_word' id='word_1_306' title='bbox 277 3970 312 4021; x_wconf 89' lang='lat' dir='ltr'>et</span> <span class='ocrx_word' id='word_1_307' title='bbox 327 3973 409 4038; x_wconf 89' lang='lat' dir='ltr'>quae</span> <span class='ocrx_word' id='word_1_308' title='bbox 423 3950 547 4013; x_wconf 87' lang='lat' dir='ltr'>addidit</span> <span class='ocrx_word' id='word_1_309' title='bbox 562 3952 679 4032; x_wconf 79' lang='lat' dir='ltr'>Young</span> <span class='ocrx_word' id='word_1_310' title='bbox 693 3948 733 4009; x_wconf 92' lang='lat' dir='ltr'>de</span> <span class='ocrx_word' id='word_1_311' title='bbox 748 3947 815 4031; x_wconf 87' lang='lat' dir='ltr'>ipso</span> <span class='ocrx_word' id='word_1_312' title='bbox 829 3946 952 4029; x_wconf 88' lang='lat' dir='ltr'>templo</span> <span class='ocrx_word' id='word_1_313' title='bbox 969 3966 1008 4010; x_wconf 88' lang='lat' dir='ltr'>ox</span> <span class='ocrx_word' id='word_1_314' title='bbox 1025 3958 1132 4007; x_wconf 89' lang='lat' dir='ltr'>aucto·</span> 
     </span>
     <span class='ocr_line' id='line_1_36' title="bbox 10 4043 1133 4144; baseline -0.004 -31"><span class='ocrx_word' id='word_1_315' title='bbox 10 4070 38 4113; x_wconf 74' lang='lat' dir='ltr'>a</span> <span class='ocrx_word' id='word_1_316' title='bbox 97 4060 180 4125; x_wconf 70' lang='lat' dir='ltr'>noue*</span> <span class='ocrx_word' id='word_1_317' title='bbox 192 4081 228 4144; x_wconf 89' lang='lat' dir='ltr'>p.</span> <span class='ocrx_word' id='word_1_318' title='bbox 248 4056 317 4123; x_wconf 85' lang='lat' dir='ltr'>rosi</span> <span class='ocrx_word' id='word_1_319' title='bbox 331 4057 395 4139; x_wconf 84' lang='lat' dir='ltr'>sqq.</span> <span class='ocrx_word' id='word_1_320' title='bbox 430 4052 552 4117; x_wconf 88' lang='lat' dir='ltr'>Contra</span> <span class='ocrx_word' id='word_1_321' title='bbox 569 4062 665 4135; x_wconf 84' lang='lat' dir='ltr'>negat</span> <span class='ocrx_word' id='word_1_322' title='bbox 680 4048 820 4112; x_wconf 85' lang='lat' dir='ltr'>Browne</span> <span class='ocrx_word' id='word_1_323' title='bbox 835 4046 965 4132; x_wconf 74' lang='lat' dir='ltr'>(liellen</span> <span class='ocrx_word' id='word_1_324' title='bbox 979 4048 1031 4113; x_wconf 88' lang='lat' dir='ltr'>ed.</span> <span class='ocrx_word' id='word_1_325' title='bbox 1049 4043 1133 4130; x_wconf 86' lang='lat' dir='ltr'>Lips.</span> 
     </span>
    </p>
   </div>
   <div class='ocr_carea' id='block_1_3' title="bbox 10 4149 1134 4261">
    <p class='ocr_par' dir='ltr' id='par_1_3' title="bbox 10 4149 1134 4261">
     <span class='ocr_line' id='line_1_37' title="bbox 10 4149 1134 4261; baseline -0.005 -38"><span class='ocrx_word' id='word_1_326' title='bbox 10 4156 37 4223; x_wconf 67' lang='lat' dir='ltr'>d</span> <span class='ocrx_word' id='word_1_327' title='bbox 62 4238 68 4247; x_wconf 29' lang='lat'>¹</span> <span class='ocrx_word' id='word_1_328' title='bbox 95 4162 214 4251; x_wconf 59' lang='grc' dir='ltr'>μω.)</span> <span class='ocrx_word' id='word_1_329' title='bbox 236 4176 272 4225; x_wconf 88' lang='lat' dir='ltr'>et</span> <span class='ocrx_word' id='word_1_330' title='bbox 295 4158 405 4234; x_wconf 67' lang='lat' dir='ltr'>Siroalr</span> <span class='ocrx_word' id='word_1_331' title='bbox 424 4152 605 4219; x_wconf 85' lang='lat' dir='ltr'>Ptolemaei</span> <span class='ocrx_word' id='word_1_332' title='bbox 627 4149 684 4239; x_wconf 66' lang='lat'>(4.</span> <span class='ocrx_word' id='word_1_333' title='bbox 703 4149 758 4239; x_wconf 83' lang='lat'>5.)</span> <span class='ocrx_word' id='word_1_334' title='bbox 779 4150 935 4235; x_wconf 81' lang='lat' dir='ltr'>stropnm</span> <span class='ocrx_word' id='word_1_335' title='bbox 955 4162 1066 4233; x_wconf 83' lang='lat' dir='ltr'>putat.</span> <span class='ocrx_word' id='word_1_336' title='bbox 1080 4158 1134 4261; x_wconf 66' lang='lat' dir='ltr'>ut</span> 
     </span>
    </p>
   </div>
   <div class='ocr_carea' id='block_1_4' title="bbox 0 0 1332 4716">
    <p class='ocr_par' dir='ltr' id='par_1_4' title="bbox 0 0 1332 4716">
     <span class='ocr_line' id='line_1_38' title="bbox 0 0 1332 4716; baseline 0 0"><span class='ocrx_word' id='word_1_337' title='bbox 0 0 1332 4716; x_wconf 95' lang='lat' dir='ltr'> </span> 
     </span>
    </p>
   </div>
  </div>
 </body>
</html>
