2634 4716
225 396 329 465 ⁸541
425 416 432 423 -
492 336 998 450 normanorum
1051 451 1054 457 ,
1117 463 1119 466 ⁴

225 565 290 627 Dio
306 561 390 644 apud
405 559 559 625 Zonaram
574 574 628 633 ro,
642 579 676 645 9.
699 563 733 625 in
752 562 877 624 Atlante
892 560 1015 627 iontem
1031 559 1148 624 habere
1165 572 1268 643 putat.

225 667 379 747 idemque
399 648 560 726 credidisse
582 666 660 727 alica
681 683 720 726 ex
744 663 892 727 Pausania
923 684 952 735 r,
978 676 1035 743 33,
1057 674 1093 743 lp.
1118 662 1268 736 discitum

221 767 296 837 alii,
322 778 456 828 notante
476 763 589 841 Orosto
609 787 640 835 ι,
656 781 689 829 o.
712 766 798 827 lraud
817 766 928 848 procul
948 764 987 827 ab
1003 764 1146 832 Atlante,
1178 764 1267 826 unde

226 871 387 932 orientem
409 863 517 930 versuo
538 868 572 928 in
589 867 794 951 Aethiopiam
812 863 944 941 seratur,
976 865 1032 928 etsr
1049 863 1115 948 ipse
1131 865 1267 929 Orosrua

226 971 265 1033 ad
282 971 380 1029 alium
402 968 539 1029 fluvium
555 968 587 1028 id
602 967 716 1041 refert;
749 968 860 1030 Nilum
881 982 986 1030 autern
1003 969 1038 1028 in
1057 968 1153 1030 litore
1169 969 1268 1029 marie

206 1104 210 1112 ,
225 1070 313 1132 rubri
333 1088 351 1130 e
368 1069 453 1153 loco.
478 1071 533 1152 qui
548 1069 706 1149 Mossylon
722 1071 904 1152 emporium
916 1083 1064 1144 uocetur.
1088 1088 1266 1153 emergere.

227 1175 277 1237 De
295 1171 392 1254 priori
410 1167 579 1254 opinione,
598 1190 677 1254 quae
692 1192 731 1233 ex
746 1154 871 1251 Atlante
881 1185 1008 1243 euocat,
1032 1168 1072 1233 os.
1088 1170 1126 1232 ad
1144 1169 1267 1231 Melam

228 1287 262 1352 3,
280 1291 315 1351 9,
334 1284 387 1350 8.,
411 1274 460 1334 Ex
480 1274 643 1354 Euphrate
664 1271 865 1340 subterraneo
877 1287 995 1334 nueatu
1016 1272 1079 1332 huc
1099 1282 1267 1354 penetrare

224 1377 355 1458 quidam
378 1373 453 1436 telle
474 1372 625 1437 Pausania
649 1389 681 1445 α,
703 1387 737 1453 5,
761 1392 793 1438 a.
814 1375 1004 1446 voluerunt3
1036 1393 1076 1434 ex
1099 1371 1198 1450 Libya
1223 1391 1269 1457 arf

227 1470 315 1538 ceffit
334 1473 465 1554 Dionys.
482 1497 516 1557 v.
535 1491 619 1539 ΜΩ.
657 1476 745 1539 Ultra
760 1474 963 1560 Aethiopiam
977 1491 1075 1557 prope
1093 1474 1268 1556 Aethiope·

197 1560 500 1661 vAndropopltagor
532 1576 732 1640 Ptolemaeue
752 1587 786 1659 4.
808 1595 842 1658 9.
875 1578 999 1639 Lunam
1032 1587 1269 1638 commemorat

227 1692 393 1748 montem.
416 1697 434 1738 a
455 1697 522 1759 quo
545 1677 613 1740 Nili
635 1679 765 1760 paludes
780 1681 872 1743 niret
892 1673 1071 1761 liquefactae
1086 1675 1265 1759 suscipiant.

226 1781 266 1842 Iu
290 1779 379 1844 india
397 1781 466 1842 eine
490 1777 594 1842 sontes
617 1795 797 1860 repertura
822 1779 851 1842 se
876 1762 1007 1861 putabat
1023 1779 1200 1843 Alexander
1216 1777 1264 1840 Μ.

226 1879 289 1965 (cs.
302 1880 416 1944 Strabo
435 1893 490 1957 ¹5·
506 1894 538 1963 p.
553 1890 641 1960 479.
657 1877 677 1942 s.
693 1877 800 1964 696.)
825 1882 957 1944 meliora
976 1879 1045 1962 pon
1059 1881 1202 1949 edoctus,
1229 1893 1266 1940 ut

223 1996 328 2047 narrat
343 1983 464 2045 Arrian.
483 1982 522 2044 de
538 1983 650 2066 exped.
668 1984 701 2053 6.
724 2003 753 2045 ι.
776 1972 945 2064 frustraque
960 1983 1058 2043 etiam
1073 2000 1130 2064 per
1144 1981 1266 2066 legator

226 2077 385 2169 quaesiisse
406 2081 503 2145 resert
524 2083 641 2146 Lucan.
664 2104 718 2154 ro,
737 2098 820 2160 272.
871 2087 920 2146 Ex
943 2082 1033 2144 ludia
1050 2097 1157 2145 tamen
1174 2084 1267 2144 ducit

225 2185 337 2270 virgil.
359 2168 476 2270 Georg.
498 2195 532 2264 4.
559 2168 643 2264 293·
694 2184 846 2249 Posthac
867 2188 907 2247 de
929 2183 1015 2245 causa
1036 2204 1053 2244 a
1075 2183 1266 2245 l’tolerr‘reeo

185 2291 191 2299 '
225 2288 385 2373 Euergera
408 2286 648 2369 expeditionem
674 2288 706 2347 iu
731 2286 934 2369 Aethiopiam
967 2282 1138 2367 susceptam
1164 2282 1268 2364 fuisse.¹
1301 2345 1304 2351 .

227 2389 345 2452 oonilat
371 2407 412 2448 ex
437 2402 651 2452 monumento
683 2388 873 2458 Adulitano,
911 2387 998 2471 quod
1032 2399 1155 2469 praeter
1174 2387 1267 2449 ‚alios

225 2493 315 2552 dedit
331 2487 470 2550 Chishul
490 2491 523 2548 iu
546 2491 693 2570 antiquit.
718 2490 809 2554 Aliat.
836 2491 873 2552 Ρ.
895 2511 924 2552 ι.
947 2509 978 2569 p.
997 2503 1043 2567 73
1060 2487 1121 2570 sqq.
1174 2480 1265 2552 Nero

225 2592 321 2653 etiam
338 2588 450 2657 ernist,
472 2592 527 2669 qui
542 2588 648 2652 soutea
663 2594 873 2672 exquirerent,
896 2589 995 2651 dubio
1010 2603 1116 2650 tamen
1131 2604 1266 2661 eventu,

226 2693 275 2754 uti
289 2687 418 2750 discitur
433 2708 472 2750 ex
492 2692 611 2753 Seneca
632 2693 666 2751 in
684 2691 810 2774 Quaesl.
828 2691 900 2754 Nat.
920 2692 953 2761 6.
973 2702 1006 2768 8.
1047 2691 1192 2753 Aliorum
1213 2711 1268 2753 co·

225 2810 322 2855 natue
343 2791 449 2852 irritor
473 2805 706 2853 commemorat
728 2793 875 2854 Lucanue
895 2814 924 2854 c.
944 2793 966 2856 1.
1016 2786 1132 2854 Adiiise
1155 2806 1266 2855 tamen

224 2895 348 2974 aliquot
368 2893 437 2954 eirre
454 2889 560 2954 sontes
578 2913 617 2954 ex
631 2893 837 2955 Eratnsihene
853 2891 948 2956 refert
969 2893 1100 2955 Proclur
1116 2896 1150 2954 iu
1168 2894 1266 2957 Coru-

225 3008 326 3058 ment.
345 2995 379 3054 in
393 2991 534 3055 Platonis
548 2995 719 3056 Timaeum
735 3016 767 3077 p.
786 3009 844 3074 57.
870 3015 966 3076 quem
981 2995 1087 3056 lucum
1103 2998 1274 3076 praeteriit·

224 3096 392 3161 Seideliua.
432 3094 579 3177 Plerique
594 3110 744 3158 veterum
759 3097 888 3182 ignotos
903 3095 1019 3167 sontes,
1041 3108 1095 3159 aut
1108 3111 1194 3160 certe
1210 3097 1267 3159 ob·

227 3196 331 3262 l'curoa
346 3195 406 3258 else
423 3200 564 3281 ingenue
579 3197 726 3269 fatentur,
746 3199 779 3258 in
796 3199 845 3259 hia
860 3200 994 3260 Diodor.
1013 3200 1040 3268 ι’,
1057 3213 1115 3278 37.
1142 3200 1264 3262 Lucam.

233 3319 263 3372 r,
285 3319 340 3363 20.
375 3319 429 3368 ro,
449 3309 533 3376 214.
563 3301 682 3376 seneca
699 3299 812 3361 Natur.
829 3300 895 3382 Qu.
911 3311 945 3381 4.
969 3318 1000 3362 a.
1016 3285 1215 3364 ‘Eumenius
1231 3303 1267 3362 in

225 3421 375 3483 panegyr.
399 3402 437 3459 ad
462 3398 659 3463 Constantia.
678 3403 759 3484 Aug.
780 3420 847 3480 cap.
865 3420 900 3479 9.
951 3402 1014 3463 sen
1030 3399 1071 3463 cs.
1093 3421 1173 3482 quae
1189 3421 1266 3463 con·

224 3502 370 3586 legerunt
390 3497 565 3562 Hosmann.
592 3503 629 3563 ad
653 3499 777 3563 oracula
796 3501 906 3579 Sibyll.
924 3501 979 3564 lib.
998 3512 1032 3580 4.
1057 3523 1089 3584 p.
1106 3502 1181 3584 49⁶
1200 3501 1266 3586 sqq.

224 3606 276 3664 ed.
293 3603 422 3670 (iuliani,
449 3603 554 3664 Titius
571 3603 609 3663 ad
626 3602 805 3664 Nemesiani
819 3601 942 3688 Cyneg.
960 3625 992 3666 v.
1007 3605 1067 3681 68.
1090 3617 1123 3665 et
1139 3600 1267 3667 Voffiur

226 3703 260 3764 in
280 3702 431 3785 peculiari
452 3702 535 3764 libro
560 3703 600 3765 de
622 3696 690 3767 Nisi
712 3734 762 3747 —
784 3705 925 3789 origine,
960 3716 994 3766 et
1013 3723 1097 3785 quoa
1122 3704 1267 3768 recenset

109 3832 116 3842 ·
226 3802 358 3866 Menses.
376 3805 410 3863 in
426 3802 503 3865 bibl.
521 3803 599 3867 Htst.
616 3807 684 3868 Vos.
703 3819 734 3885 3.
752 3804 790 3868 P.
811 3827 838 3869 ι.
859 3827 890 3887 p.
908 3817 954 3882 85
976 3804 1038 3886 sqq.
1079 3807 1265 3867 Recentiori

226 3916 325 3967 aetate
350 3907 490 3969 detector
512 3904 599 3967 suisl'e
621 3904 725 3968 sontes
744 3919 859 3986 putant
882 3909 915 3966 iu
937 3925 1037 3989 regno
1054 3906 1181 3987 Goyem
1204 3901 1266 3969 10⁰

226 4009 270 4069 cie
296 4021 498 4089 aequatorem
523 4026 541 4067 a
563 4007 662 4070 l’etro
687 4006 803 4085 Pallio,
839 4004 951 4068 lesuira
979 4008 1145 4077 Lufitano.
1179 4028 1266 4072 anno

232 4107 337 4190 1618.
370 4099 462 4172 cuiue
494 4108 708 4175 narrationem
740 4104 831 4171 dedit
862 4109 1035 4174 Kircherae
1064 4110 1099 4172 in
1133 4109 1265 4196 Oedipo
