2634 4716
191 449 247 510 ια
276 447 417 509 rom.
447 446 556 506 mcc.
598 448 634 505 r.
655 449 679 505 r.
724 449 757 508 α
781 450 820 541 rr.
862 450 888 522 t.
909 458 941 521 ε.
1052 448 1094 529 ti

120 623 155 689 h.
169 623 315 692 Venetia.
340 621 549 692 confiderent.
571 618 621 684 uti
635 637 758 704 praeter
774 624 981 686 Herodotum
998 631 1031 703 5,
1052 642 1087 705 9.

114 724 204 809 [upra
237 737 429 789 memoratos
461 737 604 786 auctores
637 725 764 786 tradunt
795 726 953 806 scymnus
986 726 1091 790 chius

112 838 185 908 teg.
221 827 350 889 Solinus
370 827 475 904 α46.
491 824 590 904 [¹44.
606 841 640 888 et
655 826 718 890 alii.
771 825 824 890 cf.
844 829 941 890 etiam
959 826 1092 890 Curtios

112 950 136 1001 ι,
158 946 215 990 αα.
242 941 276 990 et
295 946 374 1010 quac
393 926 438 988 ibi
455 927 663 1010 conlegerunt
681 929 885 1010 interpretem
911 930 989 990 item
1010 928 1095 994 infra

112 1029 226 1093 Melam
246 1047 277 1101 α,
306 1014 336 1100 ι’.
361 1044 393 1091 2.
445 1028 579 1112 vestigia
599 1047 712 1091 eorum
727 1032 760 1093 in
776 1030 910 1097 Thracia
926 1033 1090 1113 reperiun-

112 1133 355 1214 inexpeditiono
362 1129 489 1193 Sullana
503 1146 612 1195 contre
621 1131 843 1195 Mithridatem
858 1133 942 1215 apud
953 1133 1088 1215 Appian.

112 1233 254 1296 Mithrid.
270 1253 297 1296 c.
316 1244 374 1310 55.
408 1227 464 1292 ubi
490 1244 597 1294 tuetur
620 1232 911 1316 Schweighaeuser.
935 1245 967 1293 et
990 1237 1090 1297 Aure·

112 1336 193 1398 nde
216 1334 253 1398 V.
272 1336 299 1397 I.
316 1345 375 1412 75,
394 1348 429 1406 7.
479 1334 566 1395 Hinc
588 1352 666 1396 vero
686 1333 760 1396 libri
780 1330 892 1416 paffim
911 1335 1089 1420 Paphlago·
1123 1414 1125 1419 Α

112 1456 140 1501 >a
161 1437 308 1498 Henetoa
327 1447 446 1497 vocant
458 1435 617 1505 Venetos,
650 1436 699 1496 uti
716 1437 753 1496 fit
770 1436 803 1496 in
819 1435 952 1506 Curtio,
979 1451 1092 1501 contra

112 1539 234 1603 snecta
246 1531 374 1600 ‘Evcroi
392 1537 433 1598 de
449 1537 579 1597 Venetis
597 1537 724 1620 legitur,
749 1538 798 1598 uti
814 1539 896 1618 apud
910 1540 1091 1616 Scyrnnum

112 1689 115 1704 .
154 1642 203 1702 ita
226 1658 304 1702 vero
330 1638 524 1699 Graecorum
546 1635 714 1719 adspiratio
738 1639 824 1719 apud
846 1639 978 1701 Latinos
1002 1643 1037 1707 in
1062 1642 1091 1702 V

112 1741 173 1813 tiit,
197 1744 248 1801 uti
265 1738 379 1801 diserte
394 1739 434 1800 dc
450 1737 509 1800 hac
524 1757 604 1801 voce
622 1734 736 1801 r'nonet
750 1738 892 1803 Iulianae
907 1743 941 1801 in
958 1754 1035 1805 orat.
1055 1760 1090 1806 α.

112 1858 159 1908 rr.
175 1843 227 1904 od.
247 1841 423 1924 Spanhem.
475 1839 597 1923 Quodsi
614 1841 713 1923 igitur
728 1841 843 1923 priscae
858 1840 944 1904 sedes
960 1842 1090 1926 spectes.

112 1964 135 2009 1
155 1944 339 2007 conlocavit
362 1941 463 2012 Mela,
489 1940 562 2011 etti,
593 1942 759 2020 quomodo
786 1945 1016 2007 intermortuos
1041 1945 1091 2006 ibi

112 2051 186 2111 ture
200 2059 233 2107 et
247 2042 461 2126 superstitibus
480 2043 685 2125 interponere
707 2047 866 2124 potuerit,
891 2047 1012 2106 mirum
1026 2048 1091 2107 nti-

139 2161 175 2210 et
200 2145 314 2229 priscae
341 2144 562 2229 Geographiac
593 2142 705 2202 datum
739 2147 877 2207 videtur.
942 2149 1091 2228 Denique

112 2250 166 2313 toti
184 2247 307 2310 misceri
331 2264 399 2307 non
422 2245 542 2306 debent
563 2264 637 2304 cum
659 2243 798 2309 Venedir
820 2247 858 2307 ad
882 2247 1033 2309 vistulam
1054 2251 1093 2313 in

112 2350 220 2420 matie,
254 2349 295 2410 de
317 2347 434 2428 quibus
454 2341 494 2407 cf.
517 2345 600 2407 Plio.
622 2353 658 2422 4.
681 2344 853 2425 oms-13.
887 2347 1094 2445 Ptolemaeus

112 2464 146 2533 5.
161 2466 195 2515 et
210 2470 290 2532 quae
306 2442 460 2531 congcffit
474 2446 657 2508 Praetorius
672 2446 705 2506 in
721 2446 798 2508 orbe
812 2447 952 2510 Gothico
972 2469 1000 2520 ι.
1009 2466 1043 2531 9,
1055 2461 1090 2528 5.
1224 2490 1230 2499 .

112 2570 164 2637 99.
206 2554 301 2615 Forte
320 2550 458 2611 narratio
481 2547 522 2610 de
544 2547 684 2609 Eridano
705 2563 738 2610 et
758 2549 875 2611 electro
898 2549 986 2621 iecit,
1014 2564 1051 2612 ut
1071 2573 1094 2615 a

112 2657 186 2717 retis
200 2654 307 2716 ltaliae
322 2640 361 2713 ad
376 2652 532 2746 Sarrnatao
547 2667 670 2713 nomen
685 2649 899 2737 transferrent.
932 2655 984 2715 De
1004 2653 1092 2735 Cap·

112 2754 224 2821 'arcibus
239 2754 280 2817 ad
297 2767 329 2834 5,
348 2765 381 2833 8,
400 2765 435 2831 5.

127 2956 429 3041 Gallograeci)
487 2956 614 3019 Graecis
647 2952 713 3019 fere
747 2957 900 3019 dicuntur
923 2951 1094 3041 Γαλάται,

112 3066 142 3128 io
161 3059 337 3133 Γαλατία,
362 3062 462 3123 rarius
480 3052 745 3144 Γαλλογραικοὶ.
771 3076 807 3120 ut
830 3060 863 3121 in
884 3060 1039 3122 Strabone
1058 3078 1093 3126 a.

112 3180 164 3247 39.
183 3160 205 3226 s.
226 3176 306 3242 ¹5⁰·
336 3175 370 3224 et
390 3155 640 3246 Γαλλογραικὶα
658 3161 714 3221 lib.
738 3160 793 3224 tiz.
815 3181 847 3241 p.
868 3175 951 3240 390.
968 3159 989 3221 f.
1004 3164 1093 3238 566.

112 3288 147 3330 oc
178 3284 300 3327 nomen
332 3255 490 3328 Γαλάται
524 3262 684 3323 recentior
716 3260 776 3323 effe
808 3263 1026 3345 err-Appiano
1057 3265 1097 3327 in

112 3369 206 3430 thrid.
233 3387 261 3430 c.
287 3377 369 3444 114.
394 3361 532 3425 discitur.
587 3363 703 3423 Livius
732 3360 797 3426 fere
832 3362 954 3444 [emper
981 3350 1108 3426 Gaiioc'

112 3484 161 3543 at,
186 3471 235 3529 uti
249 3468 404 3550 exemplis
417 3461 529 3527 docuit
545 3464 698 3528 Celiariua
714 3476 745 3542 3,
761 3473 795 3543 4,
817 3482 896 3527 roa.
922 3477 956 3525 et
974 3465 1014 3526 iic
1034 3465 1096 3531 lul.

112 3571 147 3636 ri.
165 3573 205 3632 de
223 3570 260 3634 B.
284 3568 335 3632 C.
347 3583 379 3648 5,
399 3578 435 3646 4.
464 3566 523 3626 ubi
544 3564 583 3630 cf.
609 3566 764 3629 Daviliuc.
817 3567 904 3626 Hinc
926 3566 1097 3629 Galaticus

112 3688 185 3743 ate,
221 3671 274 3734 sed
289 3668 330 3732 et
350 3662 548 3754 Peiortaniy
571 3660 689 3741 κάκκας
709 3666 795 3748 apud
817 3665 960 3729 Dioscor.
977 3678 1012 3745 4,
1034 3678 1097 3748 47.
1153 3746 1161 3763 .

113 3777 215 3839 latiae
234 3792 360 3835 coccum
377 3771 482 3834 Plinio
500 3788 534 3850 9.
549 3773 608 3847 65.
623 3766 714 3848 [41.
743 3771 862 3850 dequo
878 3770 979 3830 muita
995 3769 1099 3831 Beck·

112 3900 169 3941 nn.
186 3873 298 3939 Gcich.
316 3874 373 3935 der
387 3872 510 3935 Erfind.
524 3873 566 3935 T.
582 3886 614 3948 3.
639 3871 675 3931 Ρ.
698 3879 728 3934 t.
779 3869 881 3931 Porro
901 3865 1101 3956 Ἑλληνογα·

112 4000 162 4045 ται
181 3989 336 4040 vocantur
357 3975 526 4037 aDiodor.
546 3984 578 4050 5,
602 3987 660 4053 52.
687 3985 723 4032 ut
746 3968 810 4054 ipsa
832 3972 920 4056 regio
942 3966 1116 4036 rattxn'oe‘

112 4073 252 4165 Ελληνὶς
271 4076 480 4140 aThemistio
498 4075 586 4137 Orat.
600 4088 656 4153 23.
670 4095 701 4156 p.
718 4088 802 4152 299.
827 4073 900 4136 Vid.
919 4071 1045 4137 Weffel.
1061 4075 1102 4139 ad

112 4184 201 4250 odor.
220 4191 253 4259 5,
272 4193 332 4258 32.
368 4178 461 4243 Olim
480 4178 560 4240 dicti
573 4172 783 4252 Gomarenfca
799 4194 817 4235 a
833 4172 985 4246 Gomara,
1011 4174 1108 4240 Noae·

720 4274 795 4341 Fa
