2634 4716
131 412 134 417 '
240 426 596 486 ratiocinator„
639 430 722 487 rar.
765 414 846 487 ci.
887 386 1047 499 §.ass
1087 384 1137 497 αι’
1185 458 1188 465 -

79 600 247 663 Arriirinue
279 600 463 683 polus-eli„
489 603 630 662 elevatae
659 605 817 673 Arctous*
849 603 936 684 quod
962 598 1123 682 sphaeram

79 719 199 765 rectam
222 701 413 763 habentibus
437 723 504 763 non
523 705 693 786 contingit.
747 705 922 788 Eragione
938 720 1015 767 vero
1037 714 1123 773 trane

79 818 292 887 aequatorem.
311 800 504 887 transgrellta
526 806 618 885 polue
641 804 744 867 noller
758 805 900 869 devexus
915 802 975 866 elie
995 803 1121 883 incipit,

80 925 211 988 quoque
231 906 323 966 latiue
341 906 534 966 diacell'erint
552 908 644 973 illuc.
672 921 762 968 tanto
776 907 938 969 tlulltiuue
953 904 1009 966 libi
1026 905 1121 986 polua

77 1010 174 1070 altior
193 1020 330 1088 apparet.
365 1025 552 1069 vaotattva.
606 1009 679 1069 Hoc
694 1010 768 1070 ideo
787 1009 887 1076 dixit.
913 1007 1001 1090 quod
1009 1048 1028 1077 ‚.
1046 1024 1121 1065 cum

77 1109 223 1170 noilrum
257 1108 368 1168 orbem
402 1112 477 1169 citra
506 1110 681 1170 Zocliacruu
714 1110 902 1172 existimaret
932 1108 992 1171 elle
1018 1106 1121 1178 ittam.

78 1209 201 1273 necelle
222 1224 292 1270 erat
308 1229 440 1271 ontueru
461 1209 533 1272 solia
554 1209 677 1271 curium
693 1212 740 1272 illi
761 1213 928 1273 ameridie
944 1209 1015 1272 effe.
1066 1209 1122 1270 sic

78 1311 230 1373 Macron·
250 1314 283 1371 iu
305 1312 418 1374 somn.
434 1314 519 1394 Scip.
539 1329 571 1379 a.
589 1327 621 1387 7.
646 1333 744 1383 ourue,
770 1315 884 1395 inquit,
912 1314 971 1373 iter
983 1302 1066 1402 solis
1085 1310 1119 1370 irt
1143 1328 1146 1335 ·

78 1412 188 1502 nostro
202 1412 329 1473 meridie
344 1410 398 1503 est.
442 1414 485 1473 Et
507 1415 632 1475 Vitrur.
651 1426 690 1491 8..
711 1432 742 1478 2.
766 1414 870 1507 nister
889 1434 964 1474 nero
981 1426 1012 1474 et
1030 1408 1122 1475 venti

79 1515 203 1597 τείἱᾳιιὶ,
230 1517 286 1596 qui
306 1535 326 1573 α
343 1505 425 1604 solis
439 1507 529 1604 cursu
551 1517 700 1595 impetum
720 1506 867 1604 faciunt.
921 1514 985 1577 Ubi
1007 1535 1028 1573 n
1038 1503 1122 1603 felir

78 1608 173 1706 majia
191 1636 249 1697 pro
266 1637 288 1674 a
304 1614 429 1675 rueridia
446 1616 536 1679 dixit.
564 1635 777 1679 craccoutta.
829 1618 998 1678 Praeclare.
1034 1612 1120 1675 Natu

77 1732 116 1778 ut
135 1718 229 1778 docet
244 1717 425 1779 Macrobius
441 1718 497 1780 lib.
514 1739 542 1780 t.
559 1721 592 1778 in
607 1720 720 1779 Somn.
734 1720 818 1800 Scip.
837 1739 903 1800 cap.
919 1732 952 1792 5.
977 1713 1120 1779 Romani

80 1817 205 1878 cardini
219 1820 339 1878 arctico
357 1837 477 1879 nornen
496 1818 719 1900 irupolueraut.
740 1821 826 1901 quod
842 1820 965 1880 anobis
981 1838 1016 1880 ea
1028 1815 1123 1901 regio

78 1941 145 1981 nou
174 1922 270 2003 longe
293 1933 426 1981 carnoto.
444 1920 535 1988 ellet.
562 1923 708 2002 quamvis
731 1924 763 1982 ri
790 1914 943 2005 frigorum
965 1917 1120 1981 inhabita·

80 2021 153 2082 bilia
181 2022 428 2093 cristianorum
461 2023 549 2083 alteri
575 2041 652 2084 vero
673 2025 793 2083 cardini
816 2043 883 2083 non
900 2021 1041 2084 fecerant
1061 2037 1118 2079 no·

79 2143 155 2184 meu
180 2126 371 2203 proprium*
399 2122 449 2184 [etl
472 2124 626 2185 meridiem
650 2143 666 2184 a
686 2126 793 2189 mettio
808 2127 888 2191 diei..
923 2126 1015 2185 cuiue
1035 2121 1120 2183 littae

78 2226 128 2284 illi
150 2226 337 2305 rel'poutlet.
373 2226 623 2305 appellaverunt.
658 2225 830 2296 ,Decurrit
855 2227 908 2285 hic
935 2226 1041 2305 accipe
1061 2240 1121 2305 pro
1150 2242 1153 2247 ·

82 2324 225 2385 alentium
241 2329 363 2395 currit,
384 2342 418 2385 ut
443 2324 541 2405 saepe.
577 2329 749 2387 summurn
765 2329 851 2387 enirn
873 2327 943 2387 lolia
963 2335 1120 2406 punctum

81 2426 126 2488 etl
143 2429 300 2488 meridies.
342 2429 421 2488 lude
445 2430 583 2488 decurrit
605 2425 659 2496 iol,
685 2427 785 2495 istest,
813 2425 985 2488 delcentlit.
1026 2421 1119 2484 Nihil

79 2527 288 2589 manifestius.
342 2529 408 2586 Viri
441 2528 528 2587 docti
557 2542 661 2588 tauteu
689 2527 766 2589 haec
790 2548 856 2587 non
882 2529 1118 2589 intellexerunt.

78 2648 226 2691 rocetta.
280 2632 316 2689 ln
333 2625 431 2688 Vollii
454 2629 638 2690 senteutiam
656 2628 890 2691 descenderunt
909 2630 1035 2690 verialia
1050 2644 1120 2689 var·

76 2731 128 2793 bia
155 2749 326 2791 cuaavtve
348 2743 381 2789 et
403 2750 615 2793 nvrtuauuvs
638 2732 714 2793 MS.
767 2730 841 2792 Non
857 2733 909 2792 liic
925 2742 1014 2791 notat
1030 2728 1121 2789 ‹leor-

79 2830 151 2893 [um
174 2852 316 2894 cttrrere..
362 2833 399 2891 ld
421 2836 508 2902 enim
523 2835 683 2916 contingit
702 2832 915 2914 tlemurnpoll
933 2832 1119 2902 meridiem

78 2932 131 2994 leri
156 2954 217 3014 qua
240 2932 365 2993 curitun
388 2936 522 3016 peragit.
571 2933 683 3015 Neque
701 2936 789 2994 enirn
807 2935 840 2993 in
860 2934 920 2994 hoc
942 2928 1119 3013 compofito
1210 3006 1212 3011 y

76 3036 267 3118 praepositio
292 3034 330 3094 cie
353 3047 442 3094 notat
464 3034 630 3104 deorsum.
664 3049 702 3095 ut
723 3034 791 3095 latia
815 3037 909 3095 docet
929 3034 1119 3096 exercitium

78 3137 239 3218 equestre.
269 3136 355 3216 quad
382 3136 522 3198 Rontaui
556 3136 753 3218 appellabant
784 3133 1009 3225 deenrfiouem,
1039 3151 1121 3216 quae

77 3238 174 3301 fiebat
196 3240 230 3298 in
251 3239 346 3320 plano
369 3257 500 3321 campo,
542 3243 628 3298 unde
652 3239 692 3299 stc
717 3239 813 3298 etiam
834 3236 944 3318 pallitn
968 3235 1122 3318 nitar-parat

78 3356 237 3401 auctores.
290 3339 403 3418 Neque
424 3339 628 3423 meridionali
647 3351 774 3401 auctore
794 3339 900 3401 nostro
920 3341 963 3399 ita
981 3338 1120 3421 conlide-

77 3454 183 3510 1atur‚
219 3454 259 3499 ut
280 3440 316 3499 lit
348 3439 532 3521 supremum
560 3456 733 3521 punctum,
767 3441 853 3522 quotl
886 3438 929 3501 [ol
952 3460 1008 3522 per
1031 3440 1123 3502 diem
1180 3464 1184 3475 ·

78 3540 254 3613 adscendit,
281 3540 332 3600 led
350 3557 434 3604 certe
449 3543 540 3602 latine
555 3540 700 3624 lpatiuru,
723 3543 1000 3631 comprehendens
1016 3542 1122 3623 proxi·

77 3664 147 3706 mae
163 3645 258 3707 horae
273 3644 354 3704 circa
370 3644 550 3711 meridiem.
574 3658 611 3704 ut
624 3657 712 3726 patet
726 3664 765 3732 ex
782 3664 849 3726 cap.
870 3655 903 3721 8.
923 3644 1019 3705 huius
1035 3641 1120 3711 libri.

78 3744 137 3807 ubi
150 3736 239 3834 sous
259 3744 340 3805 Solia
358 3766 414 3827 per
439 3746 613 3807 meridiem
633 3746 749 3806 dicitur
769 3747 882 3825 rig-ere,
915 3762 983 3806 non
1005 3758 1042 3805 ut
1062 3743 1122 3804 mi·
1190 3806 1193 3811 ,

78 3849 174 3909 nimo
198 3860 367 3909 momento
395 3848 467 3908 talia
494 3845 553 3917 lit,¹
583 3845 639 3907 [ed
662 3860 746 3907 certe
772 3846 967 3927 aliquamdiu
994 3847 1121 3910 durana.

80 3968 106 4012 1.
131 3965 330 4009 cuouovura
351 3948 450 4009 MSS.
503 3948 604 4030 Quod
629 3944 753 4009 Volitua
785 3949 940 4028 explicat,
973 3945 1121 4007 doorinm

79 4069 222 4118 currere,
244 4051 351 4130 primo
370 4070 436 4133 qua
456 4070 521 4110 non
538 4049 582 4110 ell
595 4050 808 4129 aequivocum
822 4048 870 4128 τῷ
887 4048 981 4121 iude;
1002 4048 1120 4110 deinde

78 4171 136 4215 cur
155 4150 273 4212 mallit
294 4165 405 4215 auctor
428 4152 600 4215 meridiem
621 4150 783 4235 defigunte
802 4170 820 4214 a
837 4164 962 4235 puncto
986 4147 1123 4221 summo,
1206 4144 1210 4155 '
