2634 4716
198 416 279 502 '45⁶
484 396 650 477 norae
689 414 995 478 axaoarrcaa
1095 509 1101 524 Ι

219 599 261 662 iic
277 592 472 680 Mopsuestia
495 594 530 656 in
544 594 652 656 numia
667 606 799 656 vocatur
815 589 903 674 saepe
922 613 1003 680 ιερα,
1027 587 1162 665 novior.
1204 588 1268 654 Sed

220 713 254 764 et
279 697 499 779 Pamphyliam
523 695 629 758 adiiiie
653 706 687 756 et
714 695 827 758 incolis
852 691 1075 777 frequentaffe‚
1111 692 1269 774 quaedam

220 804 364 866 innuunt
389 799 430 861 de
456 798 629 863 Calchante
652 797 737 878 apud
764 796 925 881 Quintum
952 793 1075 889 Caiabr,
1102 779 1269 874 14‘368.

219 921 316 988 porro
331 901 416 982 quod
433 899 557 962 Plinine
573 919 601 966 ο.
614 898 637 962 1.
656 894 773 968 scribit,
793 897 1017 980 Pamphyliam
1032 909 1123 957 antea
1140 893 1269 979 Mopso·

220 1008 309 1091 piam
337 1001 525 1083 adpellatam
546 998 647 1066 ruffe.
698 1001 763 1066 Sed
785 997 857 1063 satia
880 1014 1004 1063 eertum
1024 997 1108 1062 adest
1129 995 1271 1063 testimo·

183 1154 184 1160 κ
222 1106 318 1171 nium
342 1103 458 1169 Mene.
1050 1121 1053 1125 >

614 1372 754 1440 CAP.
804 1373 881 1439 XV.

530 1539 962 1592 LICIA.

387 1710 419 1789 §.
450 1728 481 1771 ι.
534 1706 716 1791 Lycio)
773 1709 830 1774 Gr.
856 1707 998 1774 nonin·
1026 1707 1159 1772 Nomen
1186 1706 1272 1771 Mela

135 1863 138 1867 .
228 1810 352 1876 derivat
365 1831 381 1871 a
392 1811 490 1890 Lyco.
511 1810 688 1872 Pandionio
703 1809 779 1883 filio,
793 1815 832 1873 in
847 1831 912 1896 quo
926 1808 1162 1874 consentienter
1175 1810 1274 1873 habet

110 1897 113 1904 ¹
190 1899 193 1907 ¹
229 1915 438 1979 Herodotum
458 1932 486 1982 ι,
508 1925 588 1990 173.
615 1892 1109 1997 Strabou.·12.¹p[394.[573.
1137 1911 1271 1974 Pausan.

236 2037 267 2087 ι,
292 2033 345 2095 19,
361 2025 396 2094 4.
423 2013 623 2095 Stephanum
639 2013 673 2077 h.
690 2033 724 2077 v.
748 2029 782 2077 et
800 2034 842 2076 ex
859 2032 901 2076 eo
923 2013 1122 2076 Eustathium
1138 2016 1178 2076 ad
1195 2015 1272 2076 Dio·

230 2115 300 2198 nyi.
317 2138 349 2178 v.
369 2125 455 2196 847.
477 2129 511 2176 et
525 2116 563 2196 pd
581 2113 716 2177 Homer.
733 2115 771 2179 11.
788 2131 821 2213 p,
840 2115 923 2197 376.
938 2136 971 2198 p.
984 2138 1028 2179 m.
1040 2131 1124 2196 279.
1151 2135 1192 2177 ex
1208 2116 1271 2198 qui·

230 2216 294 2280 bue
309 2219 405 2298 aliqui
426 2216 565 2284 addunt.
588 2234 664 2279 eum
678 2215 717 2278 ab
732 2216 850 2302 Aegeo,
872 2214 975 2287 fratre.
999 2218 1131 2279 Athenis
1147 2215 1271 2300 pulsnm

231 2321 267 2382 in
283 2319 364 2381 hanc
377 2320 544 2402 regionem
560 2317 597 2378 ad
609 2317 826 2399 Sarpedonem
843 2315 1034 2404 coniugiffe3
1058 2316 1142 2401 ipioe
1157 2319 1272 2399 Lycio·

234 2436 325 2493 antea
338 2420 493 2481 Termiias
508 2418 609 2479 dictor
628 2415 729 2482 fuide.
761 2434 968 2482 τισαυππε.
1015 2420 1078 2483 Sed
1094 2422 1176 2482 ratio
1195 2433 1272 2482 tem·

233 2522 322 2606 poris
337 2538 402 2582 non
420 2518 576 2603 congruit,
600 2519 684 2581 utin
700 2519 835 2582 eandem
847 2534 982 2583 aetatem
995 2519 1182 2591 referantur.
1207 2522 1272 2584 Sar·

233 2623 358 2706 pedon.
390 2618 512 2681 Minoia
526 2621 553 2681 l.
576 2631 609 2681 et
630 2619 867 2684 Rhadamanthi
888 2619 982 2684 irater
1004 2617 1067 2711 [ci.
1085 2622 1271 2704 Apollodor.

237 2730 271 2803 3.
291 2743 320 2790 r,
341 2740 371 2808 a.
407 2721 567 2782 Diodorue
589 2719 651 2784 Sic.
673 2734 708 2798 5,
730 2715 811 2809 78.]
838 2736 872 2784 et
895 2723 1014 2802 Lycus,
1048 2721 1143 2785 frater
1164 2724 1271 2810 Aegei,

233 2824 291 2907 qui
318 2824 380 2884 iarn
404 2840 477 2882 cnm
508 2820 621 2884 Minoe
646 2819 783 2884 secundo
810 2833 899 2886 atrox
926 2820 1015 2909 geffit
1039 2824 1172 2887 bellum.
1200 2821 1275 2914 [cf.

129 2937 131 2941 ‘
234 2923 373 2988 Diodor.
389 2923 450 2984 Sic.
466 2933 500 3001 4,
519 2924 564 2986 60
584 2917 649 3009 hp]
688 2912 840 2986 Errorem
856 2925 931 2987 inde
948 2939 1056 2988 ortum
1077 2939 1166 3008 puto,
1184 2926 1274 3011 qnod
1310 2914 1314 3021 1

234 3028 270 3088 in
294 3025 388 3104 Lycia
409 3023 477 3107 post
496 3021 714 3107 Sarpedonem
736 3026 761 3087 1.
786 3026 967 3110 regnaverit
988 3027 1063 3090 dein
1086 3029 1167 3090 riiue
1192 3032 1274 3092 eiua·
1309 3032 1314 3101 J

235 3127 310 3190 dem
335 3127 476 3189 nominis
490 3127 570 3188 circa
585 3126 660 3189 belii
674 3127 809 3188 Troiani
826 3140 980 3211 tempora.
1016 3130 1098 3190 Vide
1119 3141 1168 3202 et,
1194 3148 1274 3214 qnae
1312 3194 1314 3213 ,

191 3220 195 3229 ’
235 3228 347 3293 notavi
372 3228 406 3289 iu
428 3228 629 3312 Aegyptiacis
655 3230 737 3291 mein
758 3248 827 3313 cap.
853 3241 911 3307 15.
948 3248 1165 3296 vuarzonrve.
1224 3233 1274 3296 De
1310 3218 1314 3247 ⁵

234 3330 474 3412 Sarpedonum,
507 3330 560 3389 avi
590 3341 624 3391 et
655 3324 800 3412 nepotis,
833 3330 1055 3394 commistione
1081 3333 1166 3416 apud
1197 3334 1275 3405 aliur

101 3437 107 3457 ¹
234 3433 333 3494 etiam
365 3430 431 3490 vid.
468 3429 583 3509 Heyne
616 3432 655 3491 ad
682 3429 867 3513 Apollodor.
890 3445 922 3514 5,
951 3450 982 3504 1,
1008 3451 1038 3499 ι.
1065 3455 1096 3516 p.
1120 3454 1166 3498 m.
1189 3449 1273 3515 528.
1311 3400 1314 3463 ⁴

234 3533 387 3595 Accurate
404 3544 578 3613 utrumque
594 3516 882 3597 distinxit'Diodor.
900 3548 933 3612 5,
951 3549 1010 3614 79.
1044 3535 1172 3619 Nempe
1188 3556 1274 3602 error

236 3632 277 3695 fic
299 3633 555 3715 deprehenditur.
581 3633 666 3714 quod
684 3635 900 3715 Sarpedonem
920 3637 1006 3698 hune
1028 3636 1150 3699 Minoia
1169 3640 1195 3702 1.
1218 3639 1274 3701 fra·

235 3749 317 3796 trem
351 3736 560 3818 Europaeque
592 3735 693 3796 filium
728 3733 850 3796 iaciunt
884 3719 1070 3800 neronom
1099 3753 1131 3800 et
1159 3740 1273 3803 Strabo

235 3855 264 3899 e.
281 3856 308 3899 e.
326 3836 347 3899 1.
362 3837 385 3900 l.
420 3837 546 3922 Aegeus
562 3849 681 3907 autem,
704 3836 796 3899 cuiue
810 3835 906 3900 frater
925 3837 988 3900 fuit
1001 3841 1115 3917 Lycus,
1136 3841 1193 3902 diu
1207 3839 1274 3925 post

216 3939 332 4008 uixit,
365 3951 401 3999 ut
425 3957 462 4000 ex
488 3937 571 4001 bello
588 3932 753 4002 notiss'mro
776 3937 922 4013 discitur,
953 3941 1133 4022 quodcum
1159 3943 1272 4007 Minoe

233 4037 382 4111 secundo,
399 4040 496 4123 primi
511 4057 640 4124 nepote,
657 4033 758 4122 geffit.
785 4040 886 4103 Recte
899 4041 997 4126 igitur
1011 4043 1073 4104 iam
1091 4043 1272 4106 Eustathiue
1312 4100 1314 4109 .

129 4150 131 4155 '
210 4141 273 4206 ad
295 4143 440 4206 Homer.
466 4161 495 4207 c.
518 4142 554 4206 1.·
575 4141 705 4206 monuit
712 4183 724 4216 ,
759 4154 935 4228 utrumque
962 4146 1183 4228 Sarpedonem
1219 4147 1272 4214 hie
