2634 4716
265 425 483 486 rurum.
513 426 623 485 uer.
661 428 744 486 ω.
787 426 933 491 exvlt-
974 429 1056 503 to
1117 438 1181 511 6⁰7.

140 597 378 681 Colophonem,
399 598 574 682 Epheium.
594 573 709 663 ¹tribuit
723 602 907 667 Herodotur
921 624 948 666 o.
966 604 988 669 l.
1012 603 1086 685 quio
1101 602 1183 667 olim

139 698 243 762 iuerat
260 700 439 781 Lydorum.
473 703 510 763 ln
524 723 626 784 paeno
641 699 742 766 insula
751 720 827 767 oum
840 705 956 767 Noiiro
973 707 1068 788 ponit
1081 709 1188 779 etiam·

138 803 253 867 Strabo
277 813 328 881 ι4.
354 825 387 886 p.
402 812 488 883 445.
505 802 526 866 i.
545 806 629 884 644.
656 819 687 867 et
702 825 776 867 eoru
796 808 925 886 Scylace
947 827 979 888 p.
998 821 1057 881 37.
1080 803 1181 871 liudi.

139 918 275 988 portum
292 904 431 968 habuiile
446 903 552 977 refert,
570 908 724 988 simulque
741 909 840 969 alium
856 911 1002 991 adiungit
1018 923 1063 985 3o
1081 907 1185 971 [lodiit

141 1005 181 1069 ab
197 1006 275 1068 urbe
290 1020 468 1079 remotum,
492 1028 588 1089 quem
606 1024 699 1072 voert
714 1004 983 1098 xrpp'au‘iarude
998 1028 1064 1091 quo
1080 1009 1185 1069 unmi-

115 1161 119 1167 .
141 1127 187 1170 uo
204 1106 416 1172 coniuleudm
433 1109 477 1172 eii
495 1109 645 1172 Pococko
662 1112 703 1173 Τ.
719 1126 753 1188 3.
773 1133 805 1193 p.
819 1113 878 1175 60.
896 1125 963 1173 not.
987 1127 1044 1175 rt.
1064 1148 1069 1155 ·
1087 1110 1186 1173 Forte

141 1208 197 1272 hle
217 1211 304 1270 idem
324 1211 383 1280 est.
409 1230 505 1293 quem
525 1212 564 1272 ab
586 1213 699 1275 incolit
717 1211 926 1306 Geraesticum
949 1215 1055 1277 vocari
1078 1208 1186 1274 scribit

142 1307 258 1372 Livius
275 1325 332 1392 37.
355 1327 415 1385 27.
431 1310 454 1375 f.
478 1340 526 1357 ·-·
551 1314 673 1397 quippe
693 1313 733 1376 ab
757 1328 848 1398 tergo
864 1315 952 1377 orbie
975 1314 1080 1376 strum.
1121 1312 1188 1374 Pli-
1284 1370 1290 1381 .

142 1415 218 1475 niur
242 1416 276 1473 iu
301 1416 407 1476 lorrire
424 1414 554 1475 urbium
571 1414 701 1478 recensu
718 1416 854 1478 nostram
870 1416 992 1483 omisit.
1019 1428 1051 1478 at
1074 1412 1188 1478 iuiulla

142 1517 377 1586 adnumeravit,
402 1518 458 1594 (5,
486 1529 543 1596 38.
566 1514 585 1579 i.
606 1521 682 1596 3¹·)
713 1517 768 1580 etsr
791 1521 826 1579 iu
851 1520 961 1579 ioniae
977 1516 1188 1600 descriptione

144 1627 179 1694 5.
198 1631 256 1696 δι.
273 1615 293 1679 l.
312 1634 370 1698 29.
399 1615 477 1679 freta
498 1637 555 1699 pro
572 1621 668 1680 iuxta
687 1641 740 1680 eas
760 1619 926 1682 Piutlruur
947 1619 1189 1682 emendandum

143 1733 234 1801 putat
250 1724 344 1781 iuxta
358 1720 445 1789 Teos.
460 1723 532 1802 quia
546 1724 799 1803 praetermittere
811 1723 855 1783 ibi
867 1739 933 1783 uon
944 1722 1094 1803 potuerit.
1125 1717 1188 1781 Na·

143 1819 302 1905 gligenror
315 1822 447 1902 quidem
462 1823 539 1907 egit.
553 1837 693 1886 attamen
710 1825 848 1885 omuino
863 1842 929 1885 uon
947 1822 1066 1886 omisrt.
1094 1821 1190 1883 Priua
1301 1898 1303 1903 ,

145 1926 243 1982 otiam
263 1922 298 1981 iu
316 1919 439 1984 Velleio
462 1943 492 1990 r.
508 1933 542 2000 4.
565 1937 598 2002 5.
620 1937 766 1996 notatur.
800 1924 857 1984 ubi
879 1922 1066 1986 ooniuleurli
1089 1925 1189 1984 inter·

146 2033 262 2103 protes.
315 2021 424 2084 Claros
453 2022 566 2085 babuit
594 2023 699 2095 ciret,
742 2026 777 2086 in
802 2025 917 2105 quibua
942 2026 1081 2086 maxime
1109 2027 1191 2086 Ana·

147 2135 331 2191 creontem.
369 2142 466 2204 quom
504 2125 624 2185 Teium
661 2127 854 2187 memorarit
893 2126 957 2184 iam
1002 2125 1192 2189 Herodotue

149 2237 183 2304 5,
207 2239 287 2288 tar.
324 2224 467 2287 Plurima
487 2224 545 2287 alia
566 2239 712 2287 veterum
735 2226 803 2287 loca
817 2226 958 2307 conlegit
975 2223 1139 2286 Ftlohuur
1155 2225 1193 2287 ira·

143 2327 270 2410 proleg.
285 2325 324 2386 ad
341 2327 420 2390 edit.
437 2328 472 2409 pl
488 2336 535 2407 59
555 2324 617 2409 sqq.
640 2327 872 2410 -Apeiiicunam
895 2328 983 2389 addit
996 2324 1110 2390 Strabo
1135 2338 1191 2404 23.

147 2448 181 2510 p.
204 2442 290 2506 419.
307 2425 328 2490 l.
345 2430 430 2507 609.
456 2442 490 2489 et
516 2438 571 2507 ι4.
593 2448 625 2510 p.
645 2439 731 2509 445.
752 2427 773 2491 l.
790 2429 876 2509 644.
909 2442 941 2491 et
966 2429 1001 2488 in
1024 2425 1193 2511 posteriori

149 2531 221 2592 luco
241 2531 339 2590 etiam
355 2529 562 2601 Hecataeum.
590 2528 795 2604 historicum
829 2532 1036 2613 Protagoram
1054 2526 1194 2611 philoso-

148 2632 264 2714 phum,
291 2647 323 2692 er
343 2634 537 2710 Scythinum
557 2645 685 2714 pueram
699 2634 891 2715 Stephanus.
932 2632 975 2696 H.
989 2650 1091 2714 propo
1108 2631 1193 2712 Segi·

148 2732 218 2814 girlr
240 2731 377 2815 (ingl.)
399 2753 528 2814 parram
545 2734 657 2796 urbem
676 2738 785 2796 ruinae
802 2733 1057 2817 conspiciuntur.
1072 2733 1194 2814 quibua

150 2853 273 2896 nomeu
293 2837 370 2895 daut
383 2833 531 2899 Bodrrur.
565 2837 637 2899 vio.
652 2835 802 2899 Porotke
816 2855 845 2899 0.
861 2837 884 2903 l.

235 3037 506 3103 Clazomenae
511 3036 531 3121 )
590 3039 647 3102 Gr.
684 3031 916 3126 Κλαζομεναὶ,
963 3038 1196 3102 recentioribut

152 3140 266 3207 etiam.
297 3153 334 3199 ut
361 3140 503 3202 Hierocli
522 3161 555 3224 p.
572 3160 617 3204 m.
635 3142 720 3204 ooo.
750 3142 784 3200 in
813 3141 929 3201 notitia
953 3138 1060 3204 ecclei.
1084 3160 1115 3221 p.
1135 3154 1194 3214 27.

152 3237 363 3328 Χλαζομενῆ.
399 3240 518 3304 Piuraii
538 3257 645 3305 tamen
663 3243 913 3304 efferuutotiam
932 3242 1048 3305 Latini.
1087 3241 1198 3305 lnrulr
1299 3312 1305 3318 ,

156 3342 378 3418 Giowrrrerrr'us
393 3343 427 3404 iu
450 3359 583 3426 utraque
604 3346 729 3429 liugua3
763 3345 796 3403 in
819 3346 930 3405 numir
949 3344 1044 3404 etiam
1066 3337 1200 3428 tilmo-

153 3466 294 3536 μηυιων,
317 3447 417 3506 rariuo
430 3441 674 3533 Κλαζομηνων,
698 3464 777 3529 quae
799 3459 882 3507 certo
903 3442 1012 3506 arliert'
1025 3442 1147 3506 liniche
1160 3445 1198 3507 ira

156 3548 336 3610 hunum.
347 3548 388 3609 T.
405 3566 434 3608 r.
452 3548 489 3610 Ρ.
508 3564 540 3609 0.
558 3567 589 3628 p.
601 3549 674 3628 604
688 3546 731 3630 iq.
765 3545 925 3609 Condidit
938 3546 1052 3607 urbem
1069 3545 1199 3608 Paralur

155 3646 291 3736 (Strabo
311 3658 365 3728 14.
384 3646 451 3732 iu.)
481 3650 535 3711 vei
560 3649 758 3730 Paphum.
797 3648 1079 3730 Colophoniorum
1116 3649 1196 3710 durr.

155 3744 301 3837 (Fauian.
320 3766 353 3825 7,
373 3764 405 3830 3.
422 3747 472 3834 5.)
524 3752 621 3833 Quod
646 3753 733 3832 priur
753 3751 919 3835 Grynium.
944 3768 1025 3831 quae
1040 3759 1108 3808 erat
1123 3746 1200 3812 urb·

156 3853 309 3921 aeolidis.
334 3853 452 3914 dictam
470 3849 559 3914 tuille
576 3850 691 3921 scribit,
719 3850 837 3915 Raithe
855 3854 890 3913 iu
906 3853 983 3913 Lex.
1002 3868 1092 3911 rrum.
1110 3849 1151 3912 T.
1167 3869 1200 3916 r.

156 3955 192 4027 Ρ.
214 3970 248 4017 a.
271 3972 302 4034 p.
318 3956 402 4017 6οι.
431 3956 516 4017 undo
538 3955 703 4033 (iryuaeur
721 3955 837 4036 Apollo
857 3972 978 4019 nomeu
995 3950 1123 4019 tulerit.
1158 3968 1199 4014 ot

156 4057 320 4141 Supluno
340 4068 425 4129 terte
445 4057 573 4137 probari
593 4077 659 4122 rrou
676 4056 797 4142 potuit.
823 4057 858 4118 iu
873 4051 1058 4138 quo-iecore
1075 4050 1200 4117 ieoutua

122 4224 128 4233 ,
157 4160 203 4225 aii
218 4158 378 4224 Orteliuur
392 4161 428 4223 iu
444 4155 524 4224 thol.
541 4158 660 4248 Googr.
677 4160 712 4226 lr.
730 4178 764 4237 r,
818 4155 899 4233 Nor.
928 4152 1024 4242 qaod'
1033 4155 1106 4219 ruit
1127 4155 1222 4220 Seru
