2634 4716
259 418 312 477 m
338 390 474 476 pour.
505 417 612 475 una
649 364 742 489 ur.
778 414 1035 513 aalma·
1111 424 1176 495 aar
1274 380 1278 386 ⁸

133 591 271 671 Cyzicus
292 610 408 672 nempe
432 587 581 675 Peialgoa
601 588 706 655 hollee
727 602 833 664 ratur.
866 589 1024 679 adgrellut
1044 602 1078 654 et
1099 589 1179 663 inde

132 710 235 757 noctu
257 691 442 755 interfectus
462 692 516 756 est.
567 687 576 775 ¹.
1185 698 1189 709 ι

210 894 386 977 Placia)
424 894 593 959 Herodoto
616 916 645 978 r,
660 906 720 981 57.
742 891 897 983 Πλακῖη,
925 895 1049 976 Scylaci
1065 915 1098 980 p.
1116 906 1176 977 55.

128 997 237 1069 ,liudi
257 994 352 1074 πόλις
373 994 548 1070 Πλακὶου,
578 1017 637 1081 pro
659 1018 722 1079 quo
743 992 893 1062 Hldnrov
925 1001 1018 1087 malit
1039 993 1176 1089 Voll'tup.
1274 1048 1278 1057 ,

132 1116 191 1163 aut
220 1097 375 1184 Illionei„
416 1100 582 1182 Stephano
615 1095 758 1187 Illinc),
794 1095 891 1175 πόλις
919 1095 1177 1188 Ἑλλησποντία,
1304 1132 1308 1155 ι

97 1240 106 1249 -
134 1202 221 1285 qood
246 1220 287 1263 ex
309 1197 449 1264 Πλακὶα
472 1214 673 1263 contractum
694 1214 788 1285 putat
810 1199 996 1271 Berkeliur.
1032 1215 1087 1263 aut
1108 1219 1179 1261 mu·

133 1304 270 1366 tandum
290 1305 325 1364 in
347 1299 494 1389 Illonr'ry.
528 1302 654 1365 Plinius
669 1315 702 1380 5,
719 1313 779 1386 40.
798 1301 820 1365 l.
838 1317 898 1382 32.
921 1315 959 1365 ut
973 1302 1099 1373 Noster.
1121 1300 1178 1367 ha·
1190 1308 1205 1363 ’.

132 1406 190 1470 bet
212 1405 337 1467 Plocio.
377 1405 504 1475 Strabo.
527 1403 731 1479 Ptolemaeus
747 1424 820 1466 eam
835 1406 997 1490 ignorant.
1037 1405 1088 1467 Ex
1101 1404 1179 1483 Scy·
1208 1466 1209 1471 ,

131 1508 210 1573 lacit
236 1507 375 1569 lectione
407 1506 542 1590 vulgata
577 1505 762 1568 Hollleniur
789 1506 829 1566 ad
855 1507 1011 1588 stephan.
1038 1526 1068 1587 p.
1089 1505 1175 1581 256.

134 1608 325 1679 sententiam
347 1627 463 1671 eoruru
485 1609 668 1670 confirmari
691 1607 777 1691 polle
800 1620 911 1690 putat.
944 1609 1000 1688 qui
1023 1601 1179 1675 Πλάκιου

128 1724 281 1777 montem
306 1712 340 1771 in
362 1711 418 1772 illo
436 1722 537 1771 tractu
554 1723 692 1792 ponunt,
717 1709 806 1773 etad
824 1709 961 1771 Homeri
983 1708 1020 1770 ll.
1039 1708 1073 1777 6.
1089 1718 1177 1787 425.

130 1807 348 1886 Ὕπόπλακος
365 1827 397 1874 et
423 1812 533 1873 fimilia
555 1810 713 1881 referunt.
746 1813 786 1875 do
807 1830 873 1892 quo
891 1807 931 1871 cf.
953 1825 1079 1893 praeter
1100 1809 1178 1879 Hol-

133 1912 269 1975 llenlum
293 1911 573 1975 Schlichthordlut
598 1914 633 1972 in
662 1912 778 1996 Geogr.
800 1912 936 1973 Homeri
963 1930 1037 1993 pag.
1059 1909 1179 1991 1421.

135 2012 318 2083 Matreium,
343 2014 399 2092 qui
416 2024 602 2097 negaverat,
629 2012 772 2073 Placiam
792 2011 906 2073 urbem
928 2012 967 2071 ad
993 2011 1181 2095 Hellespon·

134 2129 205 2176 tum
229 2125 261 2175 et
277 2111 477 2194 Propontida
500 2131 636 2192 usquam
656 2111 762 2180 fulde.
794 2111 914 2173 refutat
933 2110 1113 2197 Welleling.
1137 2114 1179 2175 ad

135 2217 295 2279 llerodot.
322 2237 348 2283 ι,
373 2225 433 2290 57.
485 2213 593 2274 Incola
628 2214 713 2295 apud
740 2212 941 2293 Stephanum
975 2205 1121 2286 Πλάκιος
1146 2226 1180 2277 et

134 2319 212 2378 indo
237 2308 444 2387 Πλακιανὸς,
478 2312 566 2395 quod
591 2313 710 2399 legitur
732 2315 766 2375 in
791 2314 951 2375 Herodoti
971 2314 1063 2386 loco,
1091 2315 1178 2377 undo

133 2420 263 2500 repetiit
288 2414 422 2496 Dionys.
451 2415 556 2477 Halic.
580 2434 610 2487 t,
635 2431 695 2497 29.
731 2415 887 2498 Oppiduli
913 2415 1043 2500 vestigia
1069 2413 1179 2479 frustra

132 2522 352 2601 exquirantur.

211 2717 408 2804 Scylace)
459 2718 515 2783 Gr.
532 2713 714 2807 Σκυλάκη,
738 2734 775 2782 ut
791 2720 877 2805 apud
893 2721 1050 2782 Herodot.
1071 2741 1099 2792 t,
1118 2730 1177 2799 57.
1222 2726 1224 2731 '

134 2823 352 2908 Stephanum,
378 2823 434 2903 qui
449 2824 528 2882 citra
544 2823 701 2901 Cyzicum
721 2827 825 2904 ponit,
852 2836 885 2884 et
900 2823 1009 2882 tellem
1026 2823 1180 2902 producit

134 2927 346 2988 Hecataeum.
396 2924 521 2984 Eodem
545 2926 678 2986 nomine
695 2938 967 2986 commemoratur
984 2942 1001 2982 a
1016 2922 1125 2984 Plinio
1144 2936 1178 3009 5,

133 3036 195 3107 4⁰·
217 3025 238 3087 s.
258 3041 317 3102 32.
342 3023 524 3105 Scylacet'ou
548 3038 643 3087 vocat
667 3025 770 3087 Valet.
798 3025 926 3086 Flaccus
945 3040 977 3103 3.
1003 3026 1060 3103 56.
1089 3024 1180 3106 quod

133 3145 174 3189 ex
201 3148 284 3186 nexu
310 3140 342 3187 et
369 3126 541 3204 Rhyndaci
568 3127 687 3187 vicinia
711 3127 913 3209 intelligitur,
948 3125 1002 3187 etlr
1028 3125 1061 3184 in
1088 3127 1177 3186 vatia

135 3227 301 3290 discedunt
322 3228 520 3307 interpreter.
571 3227 681 3289 Incola
703 3221 921 3312 Σκυλακηνὸς
937 3240 969 3287 et
986 3222 1179 3302 Σκυλοὶκως

135 3332 220 3413 apud
244 3329 456 3410 Stephanum.
510 3328 547 3387 ln
572 3328 792 3390 conditoribus
821 3328 932 3391 Noster
954 3327 1051 3391 refert
1077 3328 1179 3399 Hero·
1303 3316 1306 3321 ’

134 3432 268 3501 dotum,
297 3429 449 3515 Nostrum
465 3425 506 3493 de
523 3426 581 3489 situ
598 3429 638 3490 ad
653 3427 835 3512 Olympum
850 3430 987 3493 Pliniut.

213 3627 424 3716 Olympus.
451 3642 496 3691 ut
520 3631 728 3714 incolae)
766 3632 841 3697 Nou
860 3633 898 3696 lc.
916 3648 1032 3715 poetae
1049 3647 1178 3696 tantum

134 3736 253 3805 exteri,
288 3735 343 3815 qui
367 3731 450 3793 soliti
471 3747 562 3794 orant
591 3728 702 3816 paffim
729 3734 769 3797 stc
790 3756 867 3798 eum
887 3756 1002 3798 vorare
1026 3736 1065 3797 ad
1087 3735 1178 3799 diffe-

86 3909 88 3913 ,
135 3837 275 3899 rentiam
292 3837 416 3897 montio
436 3835 580 3896 eiuedem
600 3837 755 3899 nominis.
810 3838 871 3899 Sed
888 3838 940 3898 hic
960 3837 1065 3918 polica
1080 3820 1189 3899 rahe-¹

134 3950 261 4007 menter
276 3937 421 3998 innotuit
441 3936 565 4017 proelio
579 3934 642 3998 Cn.
657 3936 773 3998 Manlii
790 3953 899 4000 contra
917 3937 1177 4003 Gallo-Graecae

135 4041 188 4102 vel
207 4039 338 4101 Galatae
360 4037 446 4120 apud
470 4036 603 4099 Livium
616 4050 677 4117 38,
702 4053 761 4104 20.
794 4052 827 4105 et
845 4038 948 4102 lorlan
974 4039 1036 4102 ltoc
1059 4056 1178 4125 coguo-

134 4162 211 4205 meu
231 4141 277 4203 illi
297 4136 362 4203 luit
383 4138 547 4211 additum.
575 4151 611 4201 ut
634 4154 774 4224 pateret.
798 4141 862 4205 buc
878 4160 979 4226 utque
993 4138 1177 4226 pertinuille
