2634 4716
41 406 55 417 ¹·
134 416 198 482 reo
246 414 289 475 ·.
405 400 568 461 north
604 400 911 461 nxeeurrcac

43 582 47 589 '
88 586 111 595 ''
133 578 268 643 alterurn
283 576 473 659 Hipponem
493 576 640 639 conlocat
655 576 873 640 Ptolemaene.
912 577 954 638 tt
970 564 1140 662 illem-deep

134 676 211 745 ¹curt.
227 681 343 763 palude
362 696 463 761 prope
477 680 604 740 Uticam
619 677 757 741 ostendit
770 679 907 742 Diodor.
929 695 986 751 9ο,
1004 690 1065 756 55.
1090 698 1142 739 un·

87 790 90 797 “
123 783 251 865 ‘dtaplex
273 778 419 851 illaluit,
445 800 485 841 ex
501 782 622 843 indicio
644 780 742 843 etiarn
766 780 906 843 Diodori
929 798 986 852 9ο,
1003 793 1064 857 5-7.
1116 780 1142 843 S·

70 888 73 893 “
94 880 106 901 ”
131 878 355 964 et'ittnmque
377 882 492 944 urbem
508 882 547 943 ab
566 884 681 944 vicinia
700 883 762 945 illie
785 882 1019 966 promontoriis
1041 880 1142 946 hocn

44 978 47 983 ’
132 1008 209 1075 men
233 985 378 1047 sortitum
399 982 477 1051 elle.
509 984 586 1046 inde
606 985 755 1065 adparere
776 986 921 1055 videtur.
947 984 1101 1065 doctique
1117 1004 1140 1045 v

132 1076 347 1152 contendunt.
401 1085 496 1149 Certe
509 1079 631 1151 Ἵππου
654 1078 740 1173 ἄκρα
766 1086 884 1166 Libyae
907 1086 983 1150 urbe
1006 1100 1142 1149 vocatur

130 1192 296 1273 Stephano
312 1190 344 1252 h.
365 1209 399 1251 r.
431 1207 448 1248 a
471 1208 531 1269 qua
553 1190 675 1250 incolae
696 1188 743 1249 illi
761 1182 968 1274 ‘irroplrnn
998 1207 1082 1270 quoe
1104 1206 1142 1253 cu

34 1276 45 1293 ²
116 1278 335 1383 ¹Uticensibus
362 1290 531 1374 coniungit
556 1290 712 1369 Polybiue
741 1311 771 1360 ι,
795 1306 855 1366 70.
879 1305 938 1365 75.
972 1290 1142 1371 IIippagre

131 1394 289 1475 adpellare
309 1392 441 1453 'videtur
464 1392 628 1474 Appianue
649 1393 691 1452 de
709 1391 778 1453 reb.
799 1392 883 1453 Pun.
901 1410 969 1473 cap.
989 1412 1073 1456 rto.
1096 1394 1142 1454 int

78 1490 81 1497 ’
130 1496 258 1559 Uticam
279 1494 411 1574 quidem
436 1506 469 1553 et
490 1493 736 1577 Carthaginem,
767 1495 856 1575 quod
879 1506 985 1555 temen
1002 1494 1041 1555 ad
1057 1493 1141 1563 libra

51 1592 66 1608 ”
95 1576 113 1597 ”
129 1595 254 1681 laplnnr
277 1597 329 1657 vel
355 1595 570 1657 temeritatem
598 1596 701 1657 reiicit
727 1593 1018 1679 Schweighaeuser.
1044 1597 1119 1661 Vol.

3 1758 6 1763 .
129 1720 163 1784 p.
185 1712 272 1793 489.
326 1698 388 1757 Sed
410 1696 500 1777 pinra
518 1696 559 1755 de
579 1696 644 1757 hoc
666 1697 788 1759 dabunt
807 1696 953 1759 Bochart.
972 1700 1004 1758 in
1022 1697 1142 1761 Citantt.¹

137 1822 168 1871 t,
185 1810 245 1880 94.
273 1814 307 1862 et
322 1796 506 1882 Weiieling.
531 1799 569 1859 ad
593 1798 727 1860 Diodor.
747 1819 792 1860 oc.
815 1799 848 1861 ll.
875 1802 932 1880 qni
950 1799 1041 1860 simul
1058 1800 1142 1862 Berlr

127 1902 211 1967 lium
232 1902 274 1963 ad
297 1900 496 1983 Stephanum
520 1916 551 1981 p.
570 1910 658 1979 499.
680 1898 813 1972 refutat,
846 1903 898 1963 cui
918 1900 984 1961 duo
1007 1901 1142 1985 Hippon

129 2018 165 2069 et
183 2004 264 2064 duae
285 2002 484 2083 Hippnacrae
505 1998 595 2063 luiffe
615 2000 821 2066 videbantur.
872 2002 970 2065 Certe
987 2003 1142 2087 Hippone

128 2102 269 2170 leorlurn
283 2116 442 2165 memorat
452 2101 720 2186 postStephanne.
748 2104 894 2167 Nollranr
903 2104 1074 2178 urbernhc
1090 2106 1142 2189 [ae]

1 2237 2 2242 ¹
130 2206 315 2290 stmpliciter
335 2219 370 2267 et
395 2206 482 2267 nude
501 2206 654 2288 produci.
683 2206 794 2268 docuit
815 2206 1092 2291 schweighauser.
1106 2229 1137 2275 c.

129 2312 217 2393 quod
249 2308 381 2391 quidem
408 2327 447 2370 ex
478 2327 564 2369 nexu
596 2309 693 2370 etiam
725 2309 929 2370 diiudicatur.
991 2309 1100 2372 Hodie
1134 2332 1142 2372 t

128 2414 260 2485 Bicerta
281 2422 434 2490 corrupto
454 2408 557 2491 prilco
580 2411 732 2479 nomine.
767 2430 961 2491 rpuamqnnm
985 2412 1110 2475 incolae
1136 2434 1142 2475 t

42 2552 48 2559 ·
128 2512 262 2577 Arabico
283 2511 366 2569 Ben-
381 2508 496 2571 Slurtd
516 2510 537 2572 i.
558 2530 587 2573 e.
611 2513 698 2573 filine
719 2514 835 2574 canalia
860 2511 883 2576 l.
904 2512 1142 2575 rivali-derivat

71 2604 75 2611 ’
129 2614 204 2675 Viri.
223 2612 320 2673 Shaw
335 2630 362 2671 c.
380 2611 400 2671 l.
426 2623 459 2673 et
473 2610 585 2674 Poiret
599 2626 726 2695 'voyage
739 2612 777 2676 P.
792 2632 823 2676 t.
839 2633 872 2695 p.
891 2627 988 2683 te7.·
1007 2612 1077 2698 lple
1093 2614 1142 2677 snn

128 2715 207 2778 hinc
219 2704 319 2801 Golfo
334 2712 369 2771 di
381 2712 520 2774 Bicerto.
551 2714 685 2775 Tractus
698 2712 858 2786 arenolue,
874 2712 934 2777 ted·
944 2722 1053 2779 tamen
1068 2736 1142 2783 amo

128 2836 202 2881 nuo.
229 2814 382 2878 ShawT.
406 2814 888 2896 t.p.181.etPoiretc.l.·
935 2846 939 2851 ·

206 3021 256 3081 In
283 3015 448 3099 altero)
487 3018 540 3079 Sic
555 3030 588 3079 et
603 3018 689 3080 Plin.
705 3027 739 3097 5.
759 3032 792 3099 5.
808 3018 831 3082 s.
845 3030 880 3100 4.
906 3021 972 3085 Sed
987 3020 1103 3085 Strabo
1118 3042 1142 3085 t*

127 3144 162 3207 p.
187 3136 272 3200 572.
301 3118 320 3181 l.
344 3130 431 3200 859.
460 3112 585 3183 κόλπον
603 3116 884 3207 ’Καρχηδονιακὸν
902 3137 1020 3187 ¹vocnt.
1079 3125 1142 3187 Hut

130 3226 232 3285 finrrrn
254 3226 349 3285 etiam
371 3222 480 3283 innuit
497 3222 610 3301 Scylax
628 3244 656 3287 c.
671 3223 702 3287 l.
727 3225 855 3307 ‘quippe
876 3226 911 3287 in
929 3244 995 3309 quo
1011 3224 1142 3315 Carthep

128 3326 290 3395 niensium
309 3326 476 3409 regionem
496 3327 601 3407 ponit.
1032 3332 1038 3347 “

205 3524 363 3613 casira)
417 3527 510 3610 Quae
533 3522 665 3591 inerunt
693 3529 810 3611 oppida
837 3529 936 3593 altero
959 3531 993 3594 in
1015 3532 1087 3596 lino
1108 3532 1142 3597 tit

130 3628 247 3711 quibua
269 3630 427 3713 originem
446 3630 607 3691 dederunt
628 3628 720 3691 callra
735 3634 984 3695 Rornanorum.
1011 3635 1140 3699 noman

128 3752 201 3793 rum
218 3732 371 3791 nimirum
386 3730 478 3793 calita
492 3745 584 3793 erant
600 3727 743 3803 hiberna,
762 3737 887 3795 mnnita
902 3748 934 3797 et
951 3737 1067 3799 ordine
1081 3738 1142 3801 inst

128 3834 276 3895 vicorum
298 3823 466 3921 inllructn.¹
495 3851 560 3913 qno
582 3834 787 3896 confluebant
807 3852 998 3900 mercatorne
1016 3856 1142 3903 comme

130 3935 255 3998 ciorum
277 3928 374 3996 caula'.
427 3931 515 3995 Haec
529 3936 638 3997 multia
652 3936 737 3997 haud
755 3936 951 4020 ignobilibus
966 3942 1097 4022 oppidio
1113 3960 1142 4005 ot

129 4038 241 4122 ginenr
255 4034 433 4110 dederunt,
458 4053 538 4115 quae
553 4036 658 4118 pollet
673 4055 795 4125 nomen
811 4041 942 4121 aliquod
955 4046 1142 4106 retinuernn

6 4116 9 4127 ¹
41 4135 46 4145 '
130 4155 301 4203 eatavrre
321 4136 401 4204 Mo.
451 4134 556 4205 castre
575 4132 960 4209 nutti'urbtbuennne
974 4144 1142 4211 eallitentn

639 4408 705 4424 ..ιιι-
