2634 4716
201 340 300 462 ”253
505 385 670 445 uorsa
711 382 1013 444 cxccutrcsc
1068 390 1071 395 ·

237 559 397 625 tollhenes
423 560 507 644 apud
528 559 719 622 Strabonem
746 572 803 633 17.
826 559 871 620 in.
907 558 987 621 inira
1003 557 1137 621 Meroen
1158 576 1175 619 a
1195 556 1276 619 Nilo

236 662 275 726 ad
295 682 381 725 mare
396 662 528 724 rutrum
545 665 578 722 in
597 661 734 745 Aegypti
750 645 910 731 corsinio.
935 675 968 723 et
982 661 1153 744 coniungit
1170 661 1205 719 in
1222 678 1276 721 eo·

236 765 310 825 dem
324 778 425 826 tractu
434 762 633 847 Megabaroa.
654 775 692 824 ut
704 763 906 825 Ptolemaeus
923 770 956 844 4,
975 770 1007 840 ss.
1031 763 1155 835 vicinos
1172 760 1274 823 facere

234 864 379 936 vitietur,
409 864 465 927 etsi
482 864 709 948 Megabarados
731 875 824 925 vocat
841 877 874 924 et
895 864 1007 926 Nubae
1027 863 1174 946 adiungit
1195 881 1274 923 cum

234 966 441 1029 Eratosthene
472 967 586 1039 etiam;
625 985 685 1026 nec
714 965 869 1047 discrepat
901 962 965 1045 ipse
995 964 1108 1027 strabo
1134 985 1168 1049 p.
1187 961 1272 1042 563.

231 1065 352 1149 s.8t9.
377 1067 437 1128 ubi
450 1066 623 1148 Aethiopes
635 1068 722 1129 dicit.
756 1066 861 1148 Prope
877 1066 943 1127 Nili
958 1066 1161 1128 catarrhactas
1178 1064 1274 1147 ponit

233 1169 394 1232 Ammiau.
417 1177 472 1248 ι4,
490 1177 524 1249 4.
548 1164 601 1244 (cs.
616 1181 650 1229 et
664 1165 798 1246 Dionys.
814 1187 847 1231 r.
866 1185 947 1247 ouo.
967 1181 1000 1227 et
1015 1167 1062 1228 ibi
1076 1167 1273 1242 Euilathius)

234 1287 308 1331 cum
322 1270 434 1332 Meroe
447 1284 480 1330 et
493 1270 599 1349 Syene
613 1270 718 1355 iungit
727 1252 893 1331 Claudias.
904 1270 943 1330 de
957 1268 1034 1330 Nilo
1051 1268 1141 1349 idyli.
1158 1278 1194 1347 4,
1214 1284 1270 1346 ¹9·

87 1440 92 1447 ,
190 1428 193 1437 ,
231 1388 333 1455 prope
353 1370 589 1455 Elephantinen
611 1370 786 1452 Procopius
805 1371 844 1433 de
867 1369 906 1432 B.
928 1369 1011 1432 Pers.
1033 1390 1063 1441 ι,
1090 1388 1145 1448 ¹9·
1166 1368 1270 1450 „Cum

113 1481 117 1489 ’
232 1469 465 1535 Nasamonibus
484 1485 517 1534 et
536 1471 752 1556 Lethophagls
774 1472 853 1550 (lic)
874 1472 1044 1556 coniungit
1066 1470 1184 1555 Geogr.
1209 1471 1271 1532 iia·
1299 1554 1300 1558 Ἰ

231 1592 332 1637 veno.
349 1586 382 1653 5,
400 1586 433 1653 5.
457 1584 491 1634 et
505 1571 535 1634 se
549 1592 711 1654 uunquam
727 1573 871 1635 civitates
885 1574 918 1632 in
934 1592 969 1634 ea
985 1574 1081 1654 patris
1097 1569 1204 1655 legisse
1219 1571 1271 1632 ad·

231 1675 346 1739 firmat.
397 1673 566 1736 Posteriori
587 1675 683 1759 igitur
709 1687 810 1737 aetate
830 1674 961 1736 mutatis
988 1671 1115 1735 sedibus
1134 1676 1271 1757 propius

231 1774 271 1839 ad
291 1778 472 1860 Aegyptum
488 1797 505 1837 a
526 1779 605 1837 mari
619 1775 717 1838 rubro
737 1789 957 1838 removentur.
1008 1772 1060 1840 Gi.
1076 1775 1172 1835 etiarn
1191 1776 1270 1856 alga·

231 1877 367 1940 themor.
387 1893 419 1946 2.
443 1891 476 1954 5.
504 1889 538 1938 et
558 1878 661 1939 Solio.
683 1896 711 1938 c.
730 1885 787 1958 54.
812 1874 833 1939 s.
853 1891 912 1954 31.
944 1877 1000 1958 qul
1022 1875 1145 1938 nostros
1166 1874 1206 1936 ab
1228 1876 1268 1936 iis

229 1977 344 2040 diserte
358 1978 539 2062 distinguit.
561 1979 616 2059 qui
632 1980 737 2039 vicina
751 1975 849 2039 rubro
865 1981 943 2039 mari
955 1976 1148 2040 accolebant.
1180 1976 1268 2038 Hinc

230 2079 371 2143 Zosimus
393 2100 422 2150 t.
441 2094 500 2154 71.
515 2081 561 2142 in.
579 2090 684 2140 narrat
699 2078 907 2149 Ptolemaida,
932 2080 1070 2164 Aegypti
1085 2078 1209 2147 urbem,
1232 2078 1267 2137 iu

229 2177 384 2243 seditione
398 2180 558 2249 adiuvisse,
578 2201 673 2264 quam
688 2181 795 2251 etiam.
817 2194 850 2243 et
864 2179 995 2262 Copton
1011 2179 1079 2262 post
1091 2192 1266 2241 tenuerunt

227 2277 398 2365 (Vopiscus
415 2284 449 2343 in
468 2281 575 2345 Probo
591 2303 618 2347 c.
640 2285 771 2358 17.)·et
788 2302 806 2343 a
821 2282 927 2342 Probo
942 2283 1045 2345 victos
1061 2278 1167 2351 suilse.
1194 2293 1267 2340 tum

228 2395 263 2446 et
283 2384 322 2444 ad
342 2402 398 2446 eos
416 2366 613 2447 coercendos
629 2385 866 2445 Diocletianum
883 2383 922 2443 ab
935 2381 1006 2445 Oasr
1025 2382 1064 2443 ad
1082 2380 1267 2466 Elephanti·

228 2503 293 2546 nen
310 2466 451 2547 Nobatae
471 2488 606 2569 migrare
624 2481 747 2546 iulltlse.
791 2485 972 2567 Stephanus
992 2483 1127 2544 omnino
1145 2483 1267 2562 Libyae

228 2598 358 2668 gentem
374 2587 468 2656 ‹liclt;
487 2586 667 2648 Eustathius
681 2607 707 2648 c.
719 2586 740 2646 l.
756 2589 887 2667 propius
899 2585 1084 2667 Aethiopiae
1098 2585 1265 2648 admovet.

229 2685 360 2767 Siquid
381 2687 479 2769 igitur
500 2685 540 2748 de
561 2705 643 2772 vago
663 2687 719 2749 illo
741 2687 863 2767 populo
883 2683 945 2765 (cs.
969 2685 1158 2747 Ammianus
1173 2704 1200 2747 c.
1222 2687 1265 2761 l.)

227 2785 317 2849 statui
332 2784 451 2867 potell.
485 2784 560 2849 satus
580 2805 695 2848 eorum
711 2788 859 2868 antiquus
876 2787 1075 2869 quaerendus
1087 2787 1264 2849 videtur-in

226 2888 368 2950 confinio
388 2885 512 2949 Nubiae
527 2901 560 2949 et
583 2885 773 2969 Abyffiniae.
825 2889 947 2949 Eorum
968 2890 1068 2950 vitatu
1092 2909 1204 2972 vagam
1229 2900 1265 2949 et

225 2990 378 3051 incultam
395 2986 542 3050 describit
555 2991 744 3052 Ammianus
758 3010 785 3054 c.
802 2990 825 3054 l.
852 2990 992 3053 humana
1013 2991 1096 3055 sotis
1116 2989 1264 3053 sacrificia

224 3104 317 3154 notat
333 3091 508 3174 Procopius
522 3110 549 3154 c.
566 3090 588 3154 l.

302 3296 452 3376 capita
476 3286 650 3387 absunt)
682 3295 766 3360 Plin.
787 3306 819 3375 5,
835 3308 869 3375 8.
891 3297 1000 3376 currito
1018 3295 1192 3360 traduntur
1206 3292 1263 3356 ab·

224 3386 300 3484 effe,
326 3416 377 3458 ors
397 3397 544 3459 clocariis
561 3399 684 3476 pectori
701 3395 831 3490 adfixis.
870 3399 994 3462 Similia
1009 3400 1140 3461 Solinus
1154 3417 1182 3459 c.
1199 3409 1261 3478 34.

224 3494 247 3558 s.
267 3509 326 3575 51.
348 3511 382 3559 et
404 3497 579 3563 Martianus
602 3498 656 3563 ab.
675 3500 708 3564 6.
732 3520 764 3581 p.
784 3512 865 3576 ωε.
891 3500 926 3560 hi
949 3519 1062 3563 omues
1080 3498 1197 3559 Melam
1218 3497 1260 3558 ls-

224 3599 300 3667 cuti,
326 3598 391 3677 qui.
415 3601 501 3661 unde
516 3602 650 3683 petierit,
673 3601 759 3664 latet.
811 3601 945 3663 Fabulae
967 3599 1146 3662 maniseliae
1166 3602 1259 3683 origo

225 3711 261 3760 ea
275 3694 366 3760 luisse
380 3700 523 3772 videtur,
549 3703 634 3783 quod
653 3702 699 3763 illi
719 3703 809 3786 genti
824 3702 952 3766 brevius
969 3702 1086 3764 collum
1111 3699 1192 3771 suit,
1220 3711 1259 3760 ut

226 3813 321 3883 caput
350 3820 422 3862 cum
452 3817 579 3885 pectore
607 3803 773 3866 cohaerere
795 3805 967 3868 videretur.
1019 3801 1258 3867 eterianus

225 3901 327 3963 l’auw
358 3901 543 3966 recherches
573 3902 625 3965 sur
650 3905 695 3967 les
721 3905 916 3967 Americains
940 3908 981 3968 T.
1006 3927 1034 3968 ι.
1054 3926 1088 3988 p.
1114 3916 1197 3984 153.
1223 3915 1259 3966 et

223 3999 402 4065 Robertsou
429 4003 469 4066 de
494 4005 637 4067 llmerics
661 4006 699 4069 1².
729 4026 758 4068 ι.
785 4025 817 4088 p.
842 4017 925 4086 544.
977 4008 1119 4091 Quidam
1148 4019 1259 4067 tamen

225 4105 356 4178 solunt,
390 4103 456 4169 siue
481 4125 556 4194 rege
582 4105 701 4182 suilla.
722 4109 776 4172 ael
798 4108 935 4177 restibus
960 4122 1053 4193 caput
1076 4104 1259 4179 involvisse.
