2634 4716
60 352 65 363 ·
129 339 196 439 ert
403 341 566 405 norea
606 286 921 400 uxaunrrcarr

135 517 198 581 bur
213 513 360 601 exposuit
375 516 523 580 Arrianue
538 516 572 579 in
590 515 712 601 periplo
724 537 757 601 p.
770 527 792 594 8
809 514 852 599 sq.
866 511 983 581 Huds.
1013 508 1079 577 nlri
1094 528 1195 595 aquen

136 621 278 690 dulcem,
301 620 477 705 putredinis
494 619 673 681 immunem
689 617 830 702 adeoque
844 619 962 680 levem
979 612 1149 683 describit,
1164 624 1195 673 ut

52 794 77 805 A
137 721 247 787 Ponto
264 723 397 786 innatet.
447 720 604 785 Polleriue
625 721 792 785 confirmat
805 721 906 783 etlam
924 719 1080 801 Procop.
1103 713 1193 786 ded.

77 806 92 907 ¹,
140 820 227 889 Pers.
243 838 278 893 a.
295 837 353 903 30·
370 843 415 886 m.
440 836 473 886 at
486 822 597 885 finilia
611 818 714 885 adfert
729 822 812 885 Ptin.
831 836 864 894 a,
886 817 1022 887 root
1046 832 1129 898 105.
1163 817 1193 877 tr

138 942 183 988 eo
200 938 345 1009 pugnant
360 936 521 996 auctorat,
544 928 630 1007 quod
650 924 743 987 multi
757 925 863 987 leuem
886 922 1133 1007 placidumque
1146 936 1195 980 ao·

142 1040 231 1106 cant.
258 1040 294 1086 ut
315 1028 424 1088 docuit
440 1025 591 1109 Nicolaue
607 1025 738 1090 Lodnlie
759 1027 793 1088 in
814 1012 949 1088 miscell.
971 1021 1104 1105 Epiph.
1118 1028 1192 1101 44.

118 1148 123 1163 ·
140 1127 195 1191 alit
211 1140 318 1191 contra
333 1127 468 1189 fluvium
478 1128 543 1195 ,elle
560 1129 675 1193 volunt
691 1124 834 1214 τραχέα,
855 1122 974 1204 βίαιον
1000 1123 1135 1204 (Strabo
1149 1136 1195 1187 ra.

138 1212 174 1312 p}
191 1218 414 1318 545.s.5oo.)
437 1225 582 1321 droajavru
606 1230 776 1313 (Apolloo.
795 1229 904 1292 sibod.
922 1244 959 1296 a.
977 1230 1098 1307 401.)
1121 1223 1195 1301 rupi·

54 1342 57 1353 '
140 1328 218 1407 dnm
238 1328 358 1411 (Ovio.
383 1330 516 1394 Metam.
543 1346 576 1407 7,
601 1328 658 1419 d.)
691 1331 813 1393 celerem
834 1327 1016 1414 (Priscian.
1039 1348 1078 1390 v.
1097 1321 1194 1410 675.)

75 1426 79 1433 ’
132 1418 350 1523 fremebundo
359 1424 457 1524 attrsrt
477 1432 654 1516 (ammian.
672 1448 731 1505 22,
749 1429 799 1518 8.)
823 1447 857 1493 el
871 1430 913 1493 fic
935 1448 1058 1514 Ρθῐῐθι
1088 1428 1131 1490 de
1145 1445 1195 1508 Ψ

140 1518 351 1616 dianepantia
368 1532 474 1623 'aliqua
501 1536 628 1597 noterit
648 1534 723 1597 Nic.
743 1533 873 1599 Lotum
894 1552 922 1594 c.
948 1533 974 1595 l.
1005 1531 1107 1617 plura
1128 1529 1196 1590 Bur·

141 1651 250 1723 rnano.
267 1633 305 1695 ad
321 1633 420 1695 Valet.
438 1636 538 1697 Flacc.
557 1649 591 1714 5.
612 1636 775 1721 rssoaqui
791 1616 885 1696 litem
904 1632 995 1695 benc
1017 1633 1151 1694 dirimit
1164 1647 1197 1692 ex

139 1733 236 1792 variie
252 1735 329 1794 anni
350 1736 559 1817 temporibue.
585 1736 672 1819 quod
695 1737 782 1802 etde
801 1735 870 1797 aliia
886 1734 1019 1805 relenta
1056 1748 1197 1796 ceterum

137 1831 306 1920 Chardino
338 1835 414 1899 telle
439 1838 586 1921 rapidum
612 1835 697 1902 seni.
737 1835 789 1901 Cs.
821 1835 969 1901 Chardin
1002 1854 1140 1919 voyage
1163 1853 1198 1896 eu

139 1932 234 2025 Perse
247 1936 289 1999 T.
308 1955 339 2000 t.
355 1957 426 2023 pag.
449 1949 530 2021 148.
553 1920 617 2016 (ed.
640 1941 760 2020 1735.)
783 1920 817 1999 et
841 1950 1009 2019 praeterea
1034 1937 1198 1999 Herodot.

55 2059 61 2075 v·
103 2094 110 2109 „
138 2046 256 2121 4,45.
290 2036 381 2101 otim
396 2059 471 2102 euro
487 2041 662 2102 terminum
678 2041 766 2101 Aliae
783 2053 815 2101 et
829 2040 985 2120 Europae
1007 2037 1201 2109 statuebant.

139 2153 178 2205 ut
192 2151 226 2219 et
240 2153 334 2203 notat
354 2161 394 2203 ex
413 2138 562 2220 Aeschyli
585 2140 781 2205 Prometheo
806 2138 909 2201 soluto
925 2139 1065 2204 Arriau.
1091 2162 1128 2224 p.
1152 2157 1201 2220 ¹9·

137 2224 265 2321 aliique,
284 2242 318 2302 io
333 2242 447 2324 quibua
460 2243 660 2329 Agathemer.
677 2263 705 2310 ι,
721 2262 750 2304 ι.
766 2253 874 2303 auctor
888 2240 1020 2323 Peripli
1036 2241 1147 2304 Ponti
1160 2243 1200 2304 iu.

138 2342 231 2420 (Vol.
258 2361 288 2405 r.
321 2343 437 2429 Geogr.
461 2342 579 2422 Huds.)
611 2343 747 2426 Procop.
771 2343 810 2405 de
830 2341 877 2413 B.
900 2340 1007 2407 Goth.
1037 2354 1079 2422 4.
1108 2361 1147 2407 Ω.
1175 2354 1204 2407 et

137 2443 173 2504 in
188 2445 316 2524 primia,
340 2444 395 2504 ubi
409 2445 513 2525 plura,
538 2466 576 2508 ex
592 2459 737 2506 veterum
754 2443 851 2507 etiam
867 2441 947 2523 locis
964 2441 1093 2515 adfert.
1119 2456 1157 2525 4,
1172 2445 1203 2508 6.

135 2543 306 2629 Respicere
328 2543 387 2606 hoe
404 2528 551 2628 Europae
568 2547 721 2633 terminon
736 2543 775 2606 ab
790 2543 937 2607 Herculis
959 2545 1145 2610 columnis
1167 2546 1204 2607 ad

135 2644 253 2706 Phasrn
268 2647 396 2707 videtur
411 2646 501 2707 Plato
517 2649 550 2707 in
564 2647 739 2733 Phaedone
753 2667 785 2729 p.
802 2653 885 2722 247.
910 2643 979 2719 (ed.
997 2645 1101 2729 Bip.)
1142 2649 1203 2710 Eut

134 2765 203 2806 non
219 2744 333 2827 probat
350 2748 468 2831 Geogr.
485 2749 632 2810 Ravenn.
650 2763 683 2815 a.
701 2761 759 2808 ao.
788 2743 839 2808 sed
858 2764 916 2826 pro
932 2745 1042 2806 Tanai
1063 2760 1199 2833 pugnet.

134 2846 236 2911 Causa
252 2864 361 2910 autem
375 2847 457 2910 forte
472 2848 649 2931 quaerenda
663 2847 707 2911 est
728 2848 762 2907 in
783 2865 841 2916 eo,
870 2846 959 2926 quod
977 2848 1107 2910 Phasin
1123 2851 1200 2912 oliru

133 2930 349 3033 navigationis
375 2953 548 3011 terminum
571 2948 748 3032 ponebant.
783 2947 903 3026 dequo
927 2943 970 3009 cs.
991 2948 1123 3012 Strabo
1145 2970 1198 3014 rt.

132 3071 164 3133 p.
183 3062 266 3213 Ἢ.
286 3048 306 3113 s.
323 3061 409 3132 497.
431 3052 498 3129 (etsi
513 3038 565 3111 lric
581 3053 620 3112 de
636 3030 801 3143 (lloluhidie
814 3061 903 3131 parte
918 3048 1082 3130 explicat)
1111 3065 1199 3114 etex

80 3184 83 3191 ·
133 3171 173 3217 eo
191 3154 240 3214 Eu
267 3153 334 3215 ath.
356 3155 394 3215 ad
413 3145 545 3232 Dionys.
564 3173 596 3215 v.
614 3153 698 3228 687.
752 3150 1002 3212 Acceditetiarn
1020 3154 1199 3235 Argonau-

132 3246 236 3318 tarum
252 3253 425 3337 expeditio,
448 3274 508 3336 qua
525 3253 630 3315 Phasin
644 3252 799 3314 inclaruit.
835 3251 913 3313 Eius
927 3250 1061 3315 accolae
1083 3253 1197 3317 versut

131 3358 332 3424 inueniam,
365 3369 402 3416 ut
421 3376 521 3417 nexus
544 3342 654 3425 docet.
686 3365 844 3415 uocantur
859 3346 1023 3415 <lautomas
1045 3374 1065 3415 a
1086 3353 1194 3417 Xeno·

131 3461 254 3542 phoote
270 3458 309 3518 de
326 3476 396 3537 exp.
411 3456 488 3535 Cyri
504 3468 537 3534 4,
548 3457 582 3527 6,
596 3470 629 3530 3.
652 3440 738 3517 etex
752 3453 815 3516 hoc
830 3473 847 3514 a
861 3453 1010 3514 Diodoro
1025 3464 1089 3541 14,
1111 3471 1194 3536 ¹⁹9·

19 3602 22 3609 ·
128 3576 163 3623 et
188 3561 265 3622 hinc
288 3552 433 3643 Φασιανὴ
456 3552 554 3644 χώρα
580 3556 653 3618 teile
675 3554 839 3619 Euslathio
858 3574 886 3616 c.
901 3554 923 3615 l.
958 3553 1060 3617 Latet
1084 3557 1192 3619 adhoc

127 3659 199 3726 eiua
222 3681 343 3724 nomeu
369 3661 404 3723 in
431 3658 590 3721 Phasranie
617 3656 749 3730 evibrat,
773 3675 852 3738 quae
873 3654 950 3717 inde
975 3657 1191 3741 Argonautae

128 3778 307 3828 avexerunt
334 3775 365 3823 et
391 3773 615 3844 propagarunt.
659 3758 733 3820 Vid.
760 3771 885 3841 praeter
916 3756 995 3817 alios
1023 3757 1193 3822 Martiali·

13 3858 16 3863 ‘
132 3880 265 3946 13‚7o.
296 3861 483 3926 Petronio
505 3862 608 3940 satyr.
626 3873 686 3941 93.
704 3860 749 3920 in.
774 3872 809 3921 et
830 3856 970 3920 Eustath.
987 3857 1027 3918 ad
1044 3856 1191 3940 Dionys.

126 3986 159 4029 v.
185 3962 270 4046 683).
322 3965 415 4027 Plura
439 3962 480 4023 de
506 3962 639 4024 Phaside
662 3959 802 4045 conlegit
821 3958 972 4023 Stuultiue
994 3957 1034 4019 ad
1056 3961 1192 4023 Arriani

124 4050 239 4153 peripl.
263 4087 335 4152 pag.
352 4077 398 4145 88
413 4062 477 4147 sqq.
530 4064 614 4127 Urba
636 4062 840 4149 cognominis
862 4061 916 4123 lite
938 4071 1006 4122 erat
1027 4061 1069 4121 ad
1098 4062 1190 4127 ostia.

123 4169 288 4258 (agathiae
302 4167 358 4234 lib.
379 4187 409 4231 r.
435 4187 468 4251 p.
480 4164 541 4239 68.
557 4159 655 4251 Veu.)
691 4160 743 4228 ct.
760 4163 921 4247 deincepe.
964 4157 1038 4246 lpse
1062 4163 1191 4229 fluviae
