2634 4716
138 316 147 327 ⁴
187 368 273 448 ,ιφ
414 350 418 359 ·
479 356 642 417 uonaa
681 354 984 415 auaoarrcau

210 544 315 605 murat
338 526 500 595 Plutarch.
519 530 555 593 lu
570 528 636 592 vita
657 547 725 612 cepa
745 543 802 609 27.
829 550 903 591 euru
931 526 1019 592 luisse
1041 528 1148 599 addita
1179 548 1255 611 qne·

212 635 277 697 lem
292 634 430 719 fingant.
461 646 495 713 et
516 638 631 694 nocem
646 629 776 693 euidiffe
790 628 927 713 asperam
946 634 1079 713 equinae
1098 629 1255 693 lrirolnae·

212 756 275 819 que
293 733 437 802 similem.
468 732 539 797 vid.
556 731 732 797 Philollrat.
748 731 783 793 in
798 733 864 794 vita
878 731 1041 814 Apollonii
1056 732 1091 803 6.
1110 745 1170 808 ατ.
1194 731 1254 794 ubi

212 836 325 902 firnllia
347 836 521 906 iactantur,
556 848 588 895 et
608 835 794 915 Satyrorum
816 831 917 896 forma
942 848 976 897 et
999 835 1045 897 rei
1062 836 1179 897 veritae
1198 833 1254 911 ad·

210 937 354 1005 struitur.
404 937 474 1000 Alia
496 935 584 998 «labit
606 934 813 1013 Caleubooue
840 956 869 1006 ι,
896 952 927 997 o.
946 935 1022 1002 et
1055 936 1145 998 etin
1167 936 1255 999 n'otie

214 1038 354 1107 cunina
369 1046 403 1099 et
417 1036 642 1101 Rambaehlua.
678 1037 772 1102 Talea
786 1033 875 1100 suille
892 1036 1053 1109 videntur,
1074 1038 1142 1119 qul,
1167 1037 1254 1101 suria

86 1156 90 1173 ¹
216 1136 377 1208 innutriti,
405 1139 444 1201 ab
461 1139 631 1200 hominum
647 1136 808 1200 consortio
821 1140 947 1206 remoti,
974 1141 1077 1200 vitam
1097 1152 1256 1225 egerunt;

214 1243 249 1305 ni
268 1239 386 1323 ipsi-ad
408 1240 510 1302 limiae
533 1228 664 1323 'relegari
687 1238 822 1312 debent,
855 1241 887 1301 in
898 1241 1021 1321 quibua
1040 1243 1136 1322 ponit
1156 1241 1256 1303 etiam

214 1341 340 1411 Pliniue
359 1354 392 1418 7.
408 1357 442 1406 a.
470 1354 503 1420 8,
520 1353 579 1420 fio.
595 1339 616 1404 s.
635 1348 694 1420 54.
747 1339 800 1404 cf.
817 1342 914 1404 etiem
930 1340 1077 1405 Bochart.
1096 1343 1132 1403 iu
1149 1342 1255 1407 Chen.

221 1462 251 1514 r.
276 1454 331 1522 ιθ.
354 1454 387 1505 et
404 1444 546 1527 Vitringa
562 1442 602 1504 ad
623 1440 681 1506 les.
701 1455 756 1522 15.
778 1460 835 1524 ¹9·
859 1474 912 1492 -—
948 1443 1099 1509 sledeunt
1120 1440 1203 1507 insra
1224 1463 1255 1516 r.

214 1560 251 1628 ο,
272 1542 306 1611 6.
331 1562 404 1607 cum
419 1543 571 1608 Panibue.
778 1549 781 1560 '

291 1746 321 1811 A
328 1746 545 1828 egipunum
552 1743 572 1826 )
623 1743 810 1825 Satyrorum
826 1745 1087 1830 Aegipanumque
1101 1747 1136 1808 in
1151 1745 1256 1827 Libye

215 1848 336 1912 eodem
358 1847 475 1921 modo,
503 1846 680 1929 iisdemque
699 1866 784 1931 pene
800 1847 906 1935 verbio
929 1849 1104 1935 meminere
1117 1847 1254 1920 Plinina,

217 1943 275 2038 [5.
297 1940 355 2034 8.]
380 1944 626 2035 Solinus·[cap.
642 1959 699 2026 34.
715 1944 737 2010 s.
755 1941 834 2033 gn]
859 1962 892 2011 et
913 1947 1087 2012 Meuianue
1109 1949 1256 2033 Capella

217 2042 296 2141 [lih.
314 2051 347 2113 6.
369 2062 402 2132 p.
419 2045 528 2138 215.]
555 2069 652 2111 nemo
667 2063 776 2111 tamen
794 2048 899 2119 addit,
924 2050 1023 2132 qualia
1037 2047 1135 2113 suerit
1151 2048 1255 2115 soraue

215 2152 430 2237 Aegipanum.
462 2150 653 2216 Posteriores
667 2151 748 2213 duoe
763 2151 925 2235 ignorasse,
942 2149 1032 2214 senile
1045 2153 1254 2216 crediderim:

216 2274 257 2318 en
279 2271 358 2316 vero
387 2254 485 2317 etiam
511 2253 632 2315 Pliniue
657 2251 824 2337 ignorarit.
858 2272 923 2313 non
953 2255 1068 2315 attinet
1093 2272 1253 2336 quaerere.

218 2355 301 2419 Seue
322 2374 425 2436 neque
439 2355 475 2417 in
490 2351 592 2416 forma
607 2353 704 2415 huius
718 2353 846 2416 monllti
863 2357 1080 2426 conveniunt,
1105 2355 1128 2417 fi
1146 2368 1254 2419 tamen

216 2456 363 2525 monstris
387 2454 460 2517 sunt
480 2454 685 2524 accensenda,
716 2453 890 2534 quaesunt
914 2475 999 2517 mera
1024 2456 1254 2520 Graeculorum

216 2570 411 2624 commenta.
458 2556 622 2619 Salmafiue
637 2556 670 2616 in
686 2557 771 2617 notia
787 2557 825 2617 ad
841 2557 988 2619 Solinum
1011 2551 1064 2644 [p.
1080 2571 1126 2621 m.
1143 2554 1253 2647 293.]

217 2677 256 2723 ex
272 2653 424 2738 parallelie
438 2655 619 2718 minoribue
633 2655 793 2718 Plutarchi
814 2653 907 2743 [Vol.
923 2671 955 2732 7.
974 2659 1059 2737 236.
1074 2659 1127 2722 ed.
1144 2655 1252 2746 seips]

217 2756 372 2821 adsum
398 2769 548 2838 conatur,
573 2754 735 2841 Aegipaua
759 2757 853 2818 illum
880 2755 956 2829 else,
984 2778 1087 2848 *quem
1112 2761 1255 2824 Romani

216 2859 382 2927 Silvanum
397 2870 525 2922 vocant.
561 2856 624 2920 Sed
637 2877 715 2920 vero
728 2858 819 2920 valde
834 2859 963 2923 infirmo
977 2863 1090 2923 nititur
1103 2862 1254 2936 tibicine3

217 2961 426 3043 nequeenim
442 2961 618 3042 quidquam
640 2958 774 3031 certine,
799 2979 896 3042 quam
914 2950 1057 3024 libellum
1077 2963 1172 3027 illurn
1191 2964 1255 3026 else

217 3060 343 3147 prorsus
370 3062 544 3149 iudignum
572 3059 755 3123 Plutarcho.
780 3094 830 3108 -
881 3060 923 3122 Et
953 3060 1095 3145 profecto
1127 3078 1255 3128 tantum

217 3166 302 3228 inter
318 3162 378 3226 sese
393 3162 546 3226 differunt
559 3162 682 3225 Silvani
695 3175 729 3221 et
743 3162 935 3246 Aegipanes,
961 3178 999 3224 ut
1020 3162 1182 3229 diffieilior
1198 3169 1256 3229 ali·

218 3266 296 3349 quid
318 3267 473 3349 reperias,
506 3265 539 3326 in
560 3282 625 3344 quo
642 3264 861 3333 conveniunt,
891 3284 988 3346 quarn
1007 3267 1121 3348 inquo
1138 3269 1255 3332 diecre-

219 3381 310 3450 pant.
347 3368 525 3451 Aegipanes
539 3365 627 3428 enim
642 3383 710 3426 non
725 3377 762 3426 ut
773 3365 897 3428 Silvani
918 3385 991 3427 curn
1012 3365 1092 3430 {acie
1108 3369 1255 3433 humana

217 3466 450 3552 pingebantur.
484 3485 599 3530 verum
624 3467 752 3546 caprina
782 3464 922 3549 prorsue.
954 3469 1022 3530 lmo
1048 3458 1254 3559 αὐτόχρημα

217 3568 306 3650 capri
327 3580 418 3631 erunt
439 3567 585 3651 superne.
635 3565 855 3651 Fingebantur
877 3582 1038 3649 praetcrea
1054 3590 1130 3633 cum
1149 3575 1254 3636 cauda

218 3667 321 3754 piscia.
361 3654 464 3733 Carasa
483 3669 626 3731 nonrinie
646 3666 725 3729 haec
748 3667 801 3730 esl.
839 3670 982 3752 Aegipan
1002 3672 1090 3735 lovie
1110 3674 1194 3736 filine
1213 3693 1255 3737 ex

219 3789 312 3853 capra
325 3769 464 3835 Boeotia
487 3769 547 3833 esse
568 3767 713 3855 lingitur,
746 3787 843 3850 quam
865 3771 962 3832 etium
986 3769 1138 3837 Olenium
1157 3795 1254 3839 voce·

220 3892 307 3936 vere.
356 3872 421 3934 elit
438 3870 527 3935 lovie
548 3873 739 3934 collucteum
757 3869 892 3942 sucimrt,
919 3885 1096 3956 natumque
1110 3897 1149 3940 ex
1167 3879 1251 3964 Aega

218 3972 317 4036 Panse
344 3972 492 4059 coniuge.
543 3972 630 4036 llinc
652 3970 817 4056 degipnna
845 3972 968 4035 dictum
992 3974 1094 4043 aiunt.
1134 3979 1253 4043 lucillo
1282 4014 1290 4035 r

218 4071 274 4145 hic
296 4074 414 4139 dicitur
442 4074 556 4140 locem
581 4077 617 4138 iu
646 4070 734 4139 bello
759 4084 872 4138 contra
901 4072 1137 4159 Typhonem·
1164 4081 1252 4168 Quin
