2634 4716
276 372 638 443 adponerent.
678 367 759 443 nt.
804 366 911 445 om.
954 386 1043 459 aa..
1114 386 1182 459 oar·

101 556 109 575 ⁸
131 556 334 626 Hodiernum
355 559 425 623 eina
448 556 582 641 speciem
607 557 754 641 pluribut
775 575 901 643 praeter
925 556 1100 644 superiores
1122 561 1178 624 de·

132 658 251 745 ieripsrt
265 662 369 724 Lucae
383 679 507 746 voyage
523 662 601 723 dena
614 656 799 744 la'anquie
813 663 910 726 Tom.
926 680 958 726 o.
974 684 1006 745 p.
1025 672 1095 746 247
1110 661 1176 746 sqq.

130 764 189 847 qui
211 759 323 834 refert,
354 763 495 826 canalem
527 760 631 823 adhuc
653 762 699 823 ibi
722 761 798 832 effe.
833 765 991 825 ambitum
1021 767 1176 847 amplum.

130 883 247 947 aquam
269 861 420 946 piscosam
443 861 551 926 verim
573 863 716 927 oooainm
732 885 886 936 amaram,
917 867 1043 927 dulcem
1066 865 1179 930 verine
1232 870 1237 882 '

131 966 304 1030 orientem.
329 954 403 1050 (cf.
420 985 452 1048 p.
471 963 580 1048 297.)
620 966 667 1037 Si,
689 987 770 1048 qnae
787 987 825 1030 ex
838 969 1052 1030 recentiorum
1067 983 1177 1029 attota-

129 1066 208 1130 r'um
230 1067 419 1131 testimoniis
445 1069 668 1140 innotuerunt,
693 1083 891 1150 quaerantur,
922 1064 1037 1130 adsunt
1056 1071 1181 1133 Denota

130 1182 167 1232 et
179 1168 331 1253 Browne.
369 1170 426 1232 Ille
445 1168 558 1246 (Κοῖλα
571 1169 653 1231 nach
668 1170 855 1255 Aegypton)
876 1192 909 1254 pr
931 1185 1010 1250 ιω.
1029 1168 1177 1233 Baetem

131 1269 231 1335 habet
244 1271 313 1355 post
332 1291 364 1353 p.
384 1284 465 1350 133.
486 1271 592 1332 laeum
610 1270 765 1335 Moeridis
787 1270 826 1334 ab
850 1273 1020 1335 Herodoto
1042 1287 1075 1335 et
1097 1274 1177 1336 Dio·

132 1371 212 1435 doro
232 1373 522 1436 commemoratum
538 1373 677 1434 canalem
694 1370 815 1459 (Bodr)
837 1372 1041 1443 Botheneffe
1057 1372 1174 1445 censet,

131 1487 197 1536 arte
212 1471 349 1546 fectnm3
379 1490 498 1545 contra,
522 1492 620 1555 quem
634 1473 746 1537 Strabo
765 1475 916 1560 designat,
936 1489 1066 1538 naturae
1082 1496 1173 1558 opor,
1262 1513 1265 1517 ,

130 1595 220 1638 nunc
242 1577 345 1638 lacum
368 1574 479 1636 Bata
494 1609 504 1621 -
520 1575 571 1636 el·
587 1577 730 1647 Κινοιικ,
764 1577 818 1639 etti
840 1575 984 1639 obscurae
1005 1590 1039 1638 et
1061 1577 1176 1640 dubiae

132 1678 267 1740 omnino
301 1688 448 1738 veterum
488 1679 683 1740 narrationes
729 1680 927 1760 pronuntiat.
1003 1662 1175 1741 Contendit

128 1777 273 1840 Btowne
292 1776 409 1859 Reisen
436 1799 469 1860 p.
495 1789 580 1858 241.
602 1779 642 1841 de
662 1780 733 1841 lacu
752 1779 1085 1852 Rakatai-,Karoura
1117 1776 1196 1865 cni,

129 1878 290 1942 ambitum
320 1879 434 1940 tribuit
468 1892 513 1960 50
540 1877 716 1953 miliarium
742 1879 949 1943 Gallicorum.
1000 1883 1062 1944 Sic·
1085 1882 1178 1947 idem

88 1972 95 1988 ⁸
129 1980 172 2045 de
197 1978 288 2054 toan.
321 1980 459 2045 Bathea.

209 2183 373 2267 viginti
397 2181 543 2265 milia)
593 2183 660 2269 Qui
681 2183 722 2246 de
745 2183 867 2246 ambita
887 2204 927 2247 ex
942 2184 1104 2249 veteribus
1127 2187 1175 2251 io·

130 2299 291 2370 quantur,
317 2285 393 2348 haec
414 2286 557 2350 tradunt.
589 2286 802 2358 Herodoto,
823 2297 902 2368 ¹49·
920 2289 966 2348 in.
990 2284 1030 2351 ro
1048 2285 1176 2378 aspipe-

130 2408 209 2476 rpov
222 2389 281 2473 τῆς
292 2381 443 2475 περιόδου
464 2382 590 2450 στάδιοι
612 2374 778 2459 ἑξακόσιοι
793 2381 847 2450 noi
867 2385 1056 2476 τρισχίλιοι,
1080 2385 1176 2474 σχοί-

131 2512 194 2555 νων
215 2477 374 2578 ἐξήκοντα
397 2483 533 2559 ἐόντων,
559 2508 632 2550 cum
652 2508 717 2570 quo
734 2489 938 2567 consentiunt
953 2492 1088 2567 Diodor.
1108 2493 1171 2555 Sic.

136 2612 167 2664 ι,
185 2604 245 2671 5ι.
271 2597 306 2655 et
328 2591 498 2653 Mucianae
518 2590 601 2672 apud
624 2591 765 2652 Plinium
783 2605 816 2669 5,
832 2610 867 2671 9.
885 2589 906 2655 i.
924 2601 959 2671 4.
983 2594 1037 2673 qni
1061 2612 1175 2656 nume·

129 2695 215 2756 ravit
236 2703 323 2775 450.
346 2693 395 2756 M.
418 2692 456 2756 P.
478 2692 520 2769 (i.
544 2712 576 2769 e.
605 2709 672 2755 112
698 2693 830 2755 miliaria
858 2693 1064 2772 Germanica)
1097 2714 1174 2757 cum

129 2792 198 2878 ipse
219 2796 345 2863 Plinioe
367 2806 468 2876 ponat
487 2806 612 2855 tantum
638 2807 721 2871 250.
740 2795 785 2856 M.
809 2796 847 2860 P.
900 2796 991 2881 Quae
1010 2796 1028 2854 fi
1047 2815 1175 2879 compa·

131 2910 245 2960 rentur
260 2917 335 2960 tum
350 2897 511 2960 Herodoti
526 2893 686 2965 manium,
713 2897 909 2977 aliquantum
924 2898 1001 2959 inde
1016 2897 1176 2981 discrepat

132 2996 231 3071 Mela,
257 2999 298 3060 de
317 3017 384 3081 quo
394 2998 523 3080 dictum
538 2998 573 3058 in
589 3000 675 3060 notia
691 2999 819 3059 criticis.
842 3016 1047 3064 azacavcnn.
1090 3000 1175 3082 Quia

131 3120 201 3163 non
218 3101 319 3164 rideat
333 3102 461 3182 potina,
490 3117 586 3180 qnam
608 3101 743 3159 miretur
760 3111 879 3158 tantam
901 3100 1173 3182 magnitudinem.

132 3203 289 3266 maiorem
312 3201 434 3273 Sicilia,
466 3212 501 3263 et
521 3202 577 3261 vix
598 3196 744 3261 universa
759 3199 979 3281 Peloponneso
999 3202 1173 3264 minorem.

132 3302 284 3367 Profecto
304 3321 419 3364 verum
440 3302 500 3373 est,
534 3303 568 3363 id
583 3304 670 3384 quod
693 3302 803 3362 multia
824 3302 894 3362 aliis
910 3301 1064 3381 exemplis
1079 3299 1173 3384 possi·

130 3424 206 3468 mua
225 3404 406 3476 ostendere,
440 3403 644 3465 Herodotum
668 3403 778 3465 onmia
797 3403 988 3487 Aegyptiace
1010 3402 1107 3486 longe
1129 3401 1174 3465 fe·

132 3505 206 3568 aiffa
224 3507 391 3590 ampliora,
423 3525 522 3586 quam
543 3525 577 3568 re
597 3525 672 3568 vera
691 3504 801 3567 edent.
853 3506 900 3565 ita
915 3503 1051 3587 aegypti
1071 3505 1175 3589 longi·

131 3609 283 3670 tudinem
301 3608 567 3687 latitudinemque
583 3607 679 3668 altero
695 3618 785 3667 tanto
799 3607 954 3667 maiorem
968 3603 1054 3676 fecit,
1076 3625 1175 3687 qnam
1292 3668 1300 3679 ,

131 3709 183 3773 fit.
216 3710 252 3774 Si
270 3712 341 3791 quie
362 3710 460 3795 igitur
482 3728 596 3770 verum
618 3709 713 3770 huius
736 3708 859 3789 paludis
880 3708 1039 3769 ambitum
1056 3726 1176 3792 cogno·

133 3807 218 3873 icere
251 3811 348 3882 velit,
390 3812 417 3872 ie
450 3810 622 3871 dimidium
653 3808 749 3871 huius
774 3806 938 3870 mensurae
964 3807 1100 3878 roserat,
1133 3810 1177 3870 fio

133 3927 243 3995 quarta
265 3898 390 3974 tantum
414 3912 526 3994 priario
548 3911 780 3997 magnitudinis
803 3930 873 3992 para
894 3909 1061 3992 supererit,
1086 3909 1175 3990 qnod

132 4013 224 4078 facile
251 4009 370 4097 poffmt
392 4026 577 4096 computare
600 4014 667 4084 illi,
699 4014 755 4094 qui
787 4006 945 4076 κυκλικοῦ
976 4006 1082 4093 λόγου
1106 4028 1175 4072 nott

127 4113 204 4179 [ont
221 4112 345 4202 proritat
360 4116 513 4200 imperiti.
552 4115 676 4179 Tamen
697 4129 730 4178 et
750 4114 790 4179 stc
807 4131 938 4200 quoque
954 4113 1098 4176 miranda
1115 4113 1175 4175 erit
