2634 4716
130 393 200 481 nep
401 387 565 448 noran
604 336 912 451 exterritae

135 560 259 644 qualem
279 559 426 625 describit
440 563 517 626 Aeh.
530 565 603 628 Tet.
618 574 651 642 5.
665 562 701 626 6.
717 563 763 625 in.
798 560 893 624 Plura
908 555 1183 640 datmtcarpao·

97 656 100 663 ’
135 647 208 725 viiie
226 667 260 723 in
275 663 453 728 Observatt.
469 667 503 727 in
520 666 744 748 Palaephatum
762 684 789 727 c.
808 679 841 744 3.
858 683 890 745 p.
907 677 987 743 159.
1010 675 1043 722 et
1058 661 1184 722 Penne·

135 765 199 826 iiue
217 766 256 825 ad
278 767 469 830 Strabonem
493 769 567 831 Voi.
589 778 624 848 4.
653 789 684 851 p.
705 780 814 847 2313.
856 768 964 827 Deum
983 763 1183 825 Terminum

136 866 361 948 interpretatur
383 870 559 932 Bochartne
578 891 605 933 c.
626 871 649 933 i.
673 882 706 932 et
727 865 797 931 eine
816 867 963 955 habiturn
980 866 1185 947 explicarunt

138 969 179 1049 tie
191 969 272 1047 Bary
289 972 322 1030 in
339 963 474 1031 Reiandi
490 972 660 1039 Palaestina
676 971 860 1054 p.m.689.
878 983 912 1032 et
925 965 1188 1029 inaePenzeltue

139 1070 179 1153 de
196 1084 262 1130 arte
279 1071 422 1133 historica
443 1094 473 1155 p.
492 1086 550 1152 75.
585 1075 771 1137 Secundum
784 1071 1006 1154 Epiphaniam
1022 1069 1058 1128 in
1074 1085 1186 1129 mont.

139 1190 207 1252 erp.
231 1186 312 1249 1⁰5·
348 1173 454 1237 Casius
472 1171 487 1237 ὁ
507 1166 704 1264 Νὲκὺκληρος
720 1175 803 1257 apud
819 1172 992 1236 Pelusiotae
1006 1168 1188 1236 colebatur.

140 1270 260 1353 quisine
274 1274 414 1338 Achillea
430 1298 456 1339 c.
476 1278 497 1339 i.
523 1279 576 1340 dat
595 1280 709 1342 iorem
732 1276 878 1346 Casium.
911 1274 968 1355 qui
984 1273 1082 1336 etiam
1098 1267 1189 1353 apud

141 1373 337 1455 Corcyraeos
357 1394 576 1448 memoratur.
599 1380 670 1443 Vid.
688 1377 873 1443 Suetonio
891 1375 1024 1437 Nerone
1039 1393 1068 1434 e.
1085 1367 1189 1434 emsa

128 1487 173 1554 ,θῑ
188 1477 273 1537 ΡῙΙἨ·
292 1489 326 1559 4,
348 1478 443 1558 19.r.
465 1497 521 1547 ια.
543 1496 575 1543 et
593 1482 633 1544 de
647 1477 896 1565 numieiiclrhel
918 1478 954 1538 in
969 1474 1114 1537 doctrina
1127 1491 1190 1533 nu·

140 1597 223 1640 mor.
247 1579 283 1640 P.
305 1600 334 1641 t.
357 1582 425 1643 vot.
442 1598 475 1645 a.
500 1605 532 1666 p.
555 1600 636 1663 179.
686 1582 756 1667 ipse
781 1600 876 1643 mona
902 1578 956 1641 vei
978 1578 1085 1640 vicina
1108 1573 1189 1635 urbe

141 1678 291 1761 Bompeii
307 1680 354 1743 Ns.
379 1680 521 1763 sepulcro
541 1668 705 1755 inclaruit.
731 1683 838 1770 (Plin.
854 1695 886 1760 5,
908 1689 965 1758 14.
982 1678 1004 1741 s.
1027 1693 1083 1739 ια.
1118 1677 1191 1736 Dio

141 1789 201 1862 45·
225 1792 260 1859 4.
288 1778 349 1868 ο)
384 1785 471 1869 qnod
498 1784 684 1868 conlapsum
714 1783 972 1869 magnificentior
1002 1777 1190 1840 instauravit

83 1882 90 1903 “
141 1883 331 1969 Hadrianus.
355 1886 522 1967 (spartian.
538 1889 572 1947 in
590 1891 656 1949 vita
669 1908 697 1951 c.
712 1897 768 1965 14.
792 1889 857 1947 Dio
869 1886 929 1962 69,
949 1877 1020 1961 tt.)
1058 1881 1192 1948 Errant.

141 1984 198 2063 qui
214 1999 360 2046 montem
374 1987 461 2049 Sinai
477 2000 601 2070 putant.
624 1989 663 2051 ab
679 1990 775 2051 litore
788 1999 953 2051 remotum
969 1995 1001 2046 et
1014 1980 1191 2042 altitudine

140 2083 353 2167 superantem.
406 2089 529 2177 Diserte
550 2093 639 2152 enirn
659 2092 846 2153 aStrabone
867 2084 945 2165 (lib.
968 2102 1023 2163 19·
1047 2103 1081 2164 P·
1099 2094 1190 2159 525.

142 2184 164 2249 s.
207 2189 285 2265 60.)
300 2191 474 2271 adpellatur
488 2193 591 2254 noiier
606 2186 714 2272 λόφος
728 2179 978 2280 ἂκρωτηριᾶζων
991 2198 1024 2247 et
1037 2177 1193 2269 θινώδης.

143 2287 263 2365 Melina
284 2293 382 2376 igitur
406 2294 523 2365 hodie.
550 2309 587 2354 ut
605 2295 694 2378 snpra
711 2297 840 2364 notavi,
865 2309 940 2354 cum
960 2287 1193 2369 promontorio

145 2392 285 2469 ereditur
305 2394 365 2455 eise
383 2395 454 2474 Cap
475 2396 526 2456 del
548 2384 629 2465 cai,
654 2397 707 2457 vel
730 2395 912 2478 simpliciter
930 2389 1013 2460 cas,
1040 2389 1129 2469 quod
1154 2388 1190 2448 in

143 2492 282 2576 Aegypti
298 2494 402 2556 tabula
418 2496 563 2580 adposuit
578 2497 777 2569 Pocockiua,
803 2517 877 2558 cum
896 2497 930 2554 in
952 2487 1015 2571 ipsa
1037 2490 1193 2550 narratio·

146 2614 190 2673 ne
210 2597 250 2655 T.
272 2613 300 2656 1.
325 2615 358 2676 p.
374 2617 420 2657 m.
439 2611 496 2675 29.
520 2601 657 2659 anantie
679 2599 791 2659 Tenere
806 2599 912 2659 vocari
932 2591 1053 2654 scribat.
1093 2590 1194 2654 cete·

144 2711 236 2763 runt.
268 2697 354 2775 quod
377 2698 543 2759 adnotavit
557 2701 748 2761 (iiacconius
769 2702 881 2760 eadem
897 2697 1000 2760 forma
1015 2693 1141 2753 Ρὶῖῠὶΰθ
1156 2703 1194 2768 5.

110 2801 112 2804 '
147 2803 205 2872 31.
222 2792 243 2856 s.
263 2811 322 2874 29.
341 2797 382 2858 de
397 2798 533 2881 Ephesio
549 2819 624 2885 agro
641 2802 718 2862 dicit
731 2800 899 2862 adtollitur
913 2808 1018 2861 monte
1032 2795 1141 2864 Pione,
1159 2806 1196 2856 et

145 2894 294 2960 Lucanue
309 2909 342 2976 8,
359 2911 445 2979 539.
462 2898 593 2992 Perfida
608 2923 672 2985 qua
688 2902 780 2964 tesius
799 2899 907 2994 Casiis
923 2897 1061 2963 excurrit
1074 2896 1195 2958 armis.

221 3049 381 3133 plana)
415 3052 571 3138 inteliigit
584 3052 730 3123 Arabiam
746 3053 921 3121 Petraeam.
937 3072 1016 3135 quae
1031 3048 1068 3110 ad
1086 3046 1197 3108 Palae·

101 3184 104 3191 .
146 3146 258 3211 Asnam
273 3166 306 3215 et
323 3156 503 3239 Aegyptum
518 3156 709 3216 extenditur.
736 3175 906 3217 ontnvrva
922 3140 998 3217 MS.
1051 3151 1197 3230 Apparet

109 3279 111 3283 ⁴
147 3250 302 3347 sententie
324 3259 528 3336 antiquorum
545 3269 582 3319 'et
598 3254 683 3318 ¹certe
700 3256 794 3318 nostri
808 3259 1001 3342 Pomponii,
1033 3266 1196 3335 quantum

147 3360 314 3417 commodi
341 3359 504 3420 statuerint
535 3359 570 3418 in
597 3371 697 3419 tractu
722 3374 897 3430 montano,
934 3373 967 3422 et
992 3370 1195 3441 quantopere

148 3446 325 3536 spreverint
349 3463 458 3522 omnia
484 3461 593 3541 plana.
624 3461 742 3542 quippe
764 3463 798 3522 in
822 3461 936 3543 quibua
958 3462 1040 3522 nihii
1064 3463 1197 3545 regium

147 3561 316 3637 provenit,
358 3563 415 3623 nisi
437 3562 500 3622 ioci
522 3564 600 3623 vitia
623 3581 739 3645 magno
768 3564 945 3625 incolarum
968 3552 1075 3625 labore
1099 3556 1197 3624 corri-

148 3650 273 3739 g'antur.
301 3685 324 3727 1.
343 3683 539 3726 ononovrve
558 3663 635 3726 MS.
686 3664 762 3726 Pius
779 3664 833 3726 hic
851 3665 955 3733 sumit,
979 3685 1075 3747 quam
1092 3663 1197 3727 osten·

150 3759 248 3829 ditur.
298 3759 447 3852 ‘Opaiiia
480 3759 535 3827 καὶ
570 3760 717 3830 ἐπίπεδον
743 3766 867 3859 χωρίον
900 3770 962 3830 hoc
995 3762 1069 3830 iacit
1094 3768 1195 3830 eriam

153 3861 267 3933 Strabo
286 3868 343 3930 lib.
363 3870 417 3931 16.
437 3868 571 3950 p.‘536.
589 3866 609 3930 i.
625 3882 709 3954 779.

226 4020 446 4103 admittit)
497 4022 598 4084 lieete
623 4019 787 4094 admittit,
819 4025 891 4105 qnia
916 4023 1037 4095 ¹Azotne
1060 4041 1128 4085 non
1152 4020 1197 4085 est

154 4121 297 4197 Arabiae,
320 4121 371 4187 sed
385 4124 496 4206 potius
512 4125 692 4187 idumaeae.
717 4140 912 4191 terrerive.
952 4125 1044 4190 Ordo
1061 4126 1200 4188 litoruart'
