2656 4702
102 468 106 499 ς
197 392 847 489 'ruronnnnnctcnr
890 429 968 502 ς...
1067 362 1115 511 ‘95

147 601 433 687 Atlanticum)
483 603 615 688 Proprie
632 604 689 675 ess,
714 606 770 687 qui
793 606 871 669 lituo
892 604 1008 684 Libyae
1029 603 1112 667 occi·
1172 650 1179 681 .

68 701 174 765 duum
190 703 290 776 attuit,
314 706 353 766 ab
366 706 495 768 Atlante
510 723 632 778 monte,
656 707 750 773 otest
767 720 897 771 notum.
935 706 997 769 Sed
1014 707 1112 768 Pom·

67 805 186 888 poniue
204 824 281 867 oum
296 826 433 890 quoque,
459 808 512 889 qui
526 810 665 873 extimae
679 807 847 891 Hispaniae
861 810 952 870 litore
967 807 1111 882 cohibet,
1167 792 1170 813 '

66 906 267 973 Atlanticum
280 909 323 971 ob
338 922 492 972 terrerum
506 911 572 972 illic
587 913 787 993 mariumque
798 911 1002 987 ,vicinitatem
1015 909 1110 973 dixit.

64 1006 274 1073 Ptolemaeus
295 1006 345 1099 [α.
362 1023 396 1089 5.
405 1006 469 1099 in]
490 1013 894 1079 occidentalemnominat.
921 1014 1108 1074 vtoranvr.
1141 1018 1148 1047 ⁸

65 1106 199 1181 Nomen
215 1110 254 1172 ab
271 1112 399 1177 Atlante
413 1128 535 1177 monte.
572 1116 702 1179 Solinus
717 1136 745 1178 c.
762 1130 821 1189 27.
841 1112 861 1176 s.
880 1124 938 1193 24.
962 1113 1109 1179 Eustath.

64 1211 104 1273 ad
119 1211 254 1294 Dionys.
269 1235 303 1277 v.
318 1216 378 1279 66.
425 1216 561 1278 Additur
577 1238 671 1286 mare,
695 1236 821 1300 aequor,
842 1215 984 1298 pelagus,
1009 1212 1111 1277 Ocea·

65 1314 280 1381 nusrnoltro
294 1329 328 1380 et
341 1318 421 1379 aliie.
459 1317 672 1379 Marcellam
689 1332 822 1381 vocatur
843 1337 993 1399 magnum
1016 1311 1109 1398 (Cic.
1216 1384 1220 1395 ,

65 1416 101 1485 in
124 1417 239 1480 Somn.
254 1420 339 1500 Scip.
367 1417 553 1502 1,-6.)vet
577 1418 760 1501 srrnpliciter
784 1419 941 1484 Oceanus.
968 1417 1108 1497 (Polyb.

72 1518 129 1587 ro.
145 1532 204 1598 29,
221 1521 255 1583 6.
283 1519 352 1583 Cic.
367 1540 395 1583 c.
410 1520 454 1597 l.)
503 1521 555 1582 Do
568 1519 738 1583 Atlantico
753 1533 787 1583 et
800 1523 929 1600 Magno
948 1521 1037 1582 idern
1053 1519 1110 1581 ad·

64 1619 195 1683 firmant
212 1621 346 1701 Plinn,
368 1642 423 1684 ιο.
442 1619 463 1683 s.
481 1631 514 1698 5.
548 1622 714 1703 Ampeliou
730 1641 757 1684 c.
774 1635 808 1701 5.
858 1619 976 1684 Ufitate
992 1619 1109 1682 Atlan-

63 1720 161 1782 ticum
179 1742 265 1783 mare
278 1723 413 1795 dicitur,
434 1737 474 1786 et
487 1742 545 1805 pro
562 1724 641 1785 mari
663 1725 697 1785 in
718 1725 823 1805 poetis
836 1712 947 1814 solnm
969 1720 1108 1805 (Anien.

63 1820 99 1883 in
115 1841 169 1885 ora
185 1843 217 1886 v.
231 1821 335 1908 398.)
358 1846 484 1907 gurges.
512 1825 616 1903 (idem
632 1827 666 1887 in
682 1822 779 1887 descr.
795 1824 836 1887 0.
852 1826 942 1887 Terr.
954 1844 987 1885 v.
1000 1823 1110 1903 676.)

62 1923 209 1986 Atlantis
230 1925 319 1986 undo
341 1928 428 2008 apud
441 1923 536 1990 Prisc.
551 1947 584 1989 v.
605 1942 664 2001 72.
690 1926 740 1987 uti
754 1918 882 2000 ’Ἄτλας
901 1924 986 2007 apud
1002 1922 1111 2007 ipsum

65 2023 201 2105 Dionys.
225 2041 336 2107 vrgo.
391 2029 457 2111 Qui
480 2047 497 2089 a
520 2029 602 2090 coeli
625 2029 743 2112 plegio,
773 2042 930 2109 quatenus
951 2040 1109 2091 terrarum
1193 2106 1196 2113 Ι

66 2125 180 2187 orbem
194 2128 314 2201 ambit,
339 2121 555 2215 distinguunt,
581 2129 753 2211 obponunt
769 2130 851 2199 Eoo,
874 2143 908 2190 et
923 2123 1108 2216 ‘Eondptotss
1194 2118 1203 2131 ’

65 2220 215 2300 θυτικὸν,
240 2228 431 2311 Hesperium
452 2246 569 2292 vocant
600 2228 734 2309 Dionys.
758 2250 790 2291 v.
814 2227 920 2309 osssq.
955 2227 1106 2292 Priscian.

64 2347 99 2389 v.
124 2345 182 2410 59.
209 2327 325 2392 Avien.
342 2351 375 2392 v.
392 2348 447 2411 19.
469 2345 503 2394 ot
517 2331 550 2391 in
566 2329 630 2392 Ora
647 2352 679 2392 v.
692 2341 776 2410 398.
802 2329 942 2392 Ptolem.
957 2343 990 2401 Ω.
1009 2342 1042 2406 5.
1057 2332 1107 2394 in.

10 2466 15 2497 r
64 2427 153 2490 Hinc
169 2430 297 2512 proprie
320 2428 471 2513 sensuque
486 2431 630 2494 strictiori
652 2431 695 2494 est
716 2432 797 2492 illud
813 2450 916 2503 mare,
938 2431 1024 2512 quod
1041 2431 1109 2492 Eu·

61 2544 175 2614 topam
192 2546 225 2594 et
237 2529 374 2594 Africam
391 2533 429 2594 ab
452 2535 617 2597 occidente
638 2533 755 2605 adluit,
781 2546 814 2595 et
834 2551 935 2617 prope
950 2532 1054 2595 Gadee
1069 2534 1107 2601 in

62 2643 179 2694 terram
197 2634 373 2715 irrumpere
391 2636 518 2699 dicitur.
571 2637 643 2698 Vid.
665 2636 777 2698 Strabo
797 2649 830 2712 3.
849 2655 881 2717 p.
898 2631 957 2715 96.
976 2631 999 2697 s.
1022 2646 1104 2714 139.
1203 2692 1205 2697 ,
1273 2664 1277 2693 ι

63 2733 177 2813 Polyb.
194 2736 259 2800 c.l.
292 2736 378 2801 Plin.
397 2757 424 2800 c.
447 2738 468 2799 l.
493 2738 616 2809 etalii,
647 2750 684 2798 ut
704 2737 757 2799 hic
782 2737 868 2798 Mela
892 2756 949 2818 per
968 2756 1107 2802 nexum.

63 2832 152 2897 Hinc
168 2856 246 2898 vero
264 2859 351 2900 more
364 2841 504 2901 exterius
517 2842 615 2902 etiam
630 2851 761 2902 vocatur
778 2839 937 2916 (Ptolem.
951 2857 978 2901 c.
995 2839 1017 2901 l.
1034 2842 1105 2917 -)

63 2948 97 2997 et
118 2937 263 2999 interiori
287 2938 500 3022 obponitura
524 2942 617 3004 Floro
634 2951 669 3019 lp.
693 2956 726 3011 2,
755 2941 810 3003 16.
863 2941 973 3000 Latine
997 2951 1107 3002 tamen

63 3037 163 3098 etiam
189 3053 223 3100 et
247 3060 327 3125 vage
348 3043 471 3102 dictum
504 3044 651 3105 occurrit.
703 3042 756 3102 Sic
782 3038 940 3100 Herodot.
964 3059 993 3109 t,
1019 3056 1107 3107 202.

60 3137 260 3202 Atlanticum
280 3156 313 3203 et
333 3142 545 3224 Erythraeum
566 3159 653 3203 mare
676 3140 764 3201 idem
784 3136 876 3209 facin
909 3141 1023 3203 Strabo
1048 3151 1105 3220 15.

59 3258 95 3324 p.
110 3251 196 3321 474.
212 3239 234 3304 s.
252 3239 335 3323 689.
358 3245 467 3306 lndiae
489 3242 617 3305 australe
639 3255 672 3302 et
694 3242 846 3305 orientale
863 3242 945 3304 larue
961 3242 1001 3303 ad
1023 3243 1106 3329 illud

60 3340 217 3413 extendit,
242 3356 342 3405 totam
359 3358 472 3407 terram
488 3346 544 3407 illo
565 3348 700 3428 cingunt
718 3344 898 3431 ¹Aristoteles
918 3345 958 3404 de
975 3343 1105 3409 Mundo

61 3463 88 3505 c.
109 3457 143 3523 5.
171 3443 239 3509 cic.
256 3463 283 3509 c.
299 3447 319 3507 l.
343 3467 487 3529 proquo
511 3446 613 3507 noller
639 3445 819 3526 srmpliciter
841 3469 867 3517 ι,
895 3468 923 3516 ι,
937 3458 976 3525 3.
1001 3447 1103 3509 Ocea·

58 3565 135 3606 nuru
157 3546 250 3608 dixit.
302 3549 365 3610 Sed
389 3547 427 3610 cl.
451 3569 529 3631 qnae
552 3545 697 3631 pluribus
719 3548 755 3609 in
779 3547 862 3610 hanc
884 3567 955 3610 rem
980 3548 1105 3613 disserit

57 3645 170 3755 §trabe
183 3647 241 3712 lib.
263 3667 294 3712 r.
316 3670 348 3733 p.
370 3663 402 3730 3.
421 3648 443 3714 s.
462 3649 546 3733 4sq.

136 3851 455 3935 Britannicum)
507 3853 819 3937 septemtrionalem,
845 3853 952 3936 quiet
970 3845 1104 3917 Caledo-

57 3953 131 4017 ntus
155 3952 244 4041 saepe
268 3956 403 4027 dicitur,
437 3957 477 4018 ad
502 3977 606 4029 mare,
639 3956 727 4039 quod
748 3956 792 4020 est
811 3957 897 4018 lnter
913 3955 1048 4019 Galliam
1070 3968 1105 4018 et

56 4052 270 4119 Britanniam.
309 4058 383 4123 Hoc
396 4059 468 4122 loco
485 4079 592 4121 autem
607 4071 714 4122 totum
729 4077 816 4122 mare
831 4057 1104 4142 septemtrionale.

28 4184 32 4193 ·
57 4173 230 4225 onetrtvt
250 4155 330 4225 Mo.
381 4160 480 4225 Hunc
501 4159 607 4231 rurstt
626 4163 722 4258 iacnt
740 4160 801 4225 lib.
818 4173 852 4241 5.
870 4155 975 4255 ¹[cap.
987 4152 1104 4260 ·6‚.5.]
