2634 4716
261 432 316 493 ιη
344 404 483 495 romi.
512 432 620 492 mut„
661 429 742 491 ct.
785 430 906 490 oxu.
948 430 1028 503 tr.
1104 380 1166 505 mi

121 610 219 697 yeme,
255 604 311 671 lec.
334 606 526 671 Strabonem
542 626 570 669 c.
585 608 608 669 l.
630 599 728 679 πόλις
748 601 877 691 ἀρχαία
897 600 1053 670 Φοινίκων
1066 614 1171 667 'aues-

128 705 316 795 orrocyea'ay,
350 711 440 771 cuiue
465 728 577 794 agrum
606 706 686 770 lorte
712 707 847 770 divilille
870 710 954 770 inter
980 704 1009 770 le
1034 706 1170 770 Aradios

130 810 231 872 addit.
273 811 323 872 De
346 811 508 893 utriusque
529 811 645 893 populi
668 808 779 872 litibus
800 811 890 893 plura
912 826 1170 872 commemorau-

128 923 184 972 tur
201 912 286 993 apud
301 912 472 991 Polybium
490 924 522 990 5,
539 914 598 990 68.
623 911 807 975 Diodorum
822 912 884 975 Sic.
906 912 939 972 in
956 910 1112 991 excerptio
1126 908 1170 972 de

129 1012 244 1075 virtut.
260 1013 356 1077 Tom.
375 1029 407 1077 o.
424 1035 458 1099 p.
479 1026 564 1093 595.
586 1025 619 1076 et
640 1013 673 1073 in
693 1012 846 1097 legation.
863 1032 932 1094 cap.
950 1028 1010 1093 29.
1031 1031 1064 1095 p.
1081 1011 1168 1088 628.

125 1112 182 1175 ed.
199 1113 323 1177 Wellel.
358 1116 443 1178 Hinc
457 1133 535 1178 vero
551 1115 706 1201 Cellariua
719 1117 753 1175 in
769 1114 885 1198 Geogr.
900 1127 967 1175 ant.
984 1127 1017 1192 5,
1038 1129 1092 1182 12,
1106 1123 1170 1191 47·

129 1210 258 1276 caulam
276 1216 427 1298 explicat,
451 1236 507 1279 cur
527 1236 632 1300 neque
647 1217 681 1278 in
697 1218 840 1288 notitiis,
867 1236 971 1297 neque
988 1216 1023 1276 in
1039 1214 1172 1276 itinera·

129 1316 187 1378 rlie
208 1315 415 1381 recenseatur.
467 1317 576 1380 Habet
597 1332 706 1380 tamen
731 1317 850 1402 Geogr.
877 1318 1027 1380 Raveon.
1051 1331 1085 1385 2,
1112 1316 1171 1380 16,
1293 1361 1296 1365 -

129 1434 172 1479 ex
205 1437 270 1502 quo
304 1419 476 1482 inllaurata
500 1419 660 1483 rideatur.
720 1418 891 1480 Obiectam
926 1415 1015 1480 briile
1048 1415 1172 1479 insulae

131 1518 240 1583 Arado
256 1522 444 1601 praedicant
458 1541 582 1592 omues,
605 1522 662 1603 qui
682 1522 807 1583 deeius
823 1521 881 1581 situ
898 1520 1084 1602 loquuntur,
1110 1515 1170 1580 irc·
1270 1576 1273 1587 ‚

130 1632 232 1703 toque
253 1621 465 1699 alladiorum
480 1625 647 1685 interiecto
664 1623 788 1683 dirimit
808 1622 940 1684 Diorlor.
959 1621 993 1683 iu
1013 1619 1171 1702 excerpti·

130 1721 184 1784 de·
196 1722 309 1783 virtut.
327 1743 353 1785 c.
372 1724 394 1786 l.
429 1725 488 1787 ¹At
506 1745 585 1787 non-
598 1742 711 1786 omnee
733 1725 766 1785 iu
792 1724 957 1786 Phoenice
977 1723 1169 1817 conlocautj

131 1842 252 1906 nempe
272 1823 476 1887 Ptolemaeus
491 1836 524 1902 5,
545 1837 601 1904 15.
621 1827 656 1887 in
679 1821 869 1896 Caffiotide,
900 1841 1000 1907 aquo
1018 1841 1085 1886 non
1107 1822 1173 1886 die·

131 1938 241 2007 crepat
262 1927 397 1987 omuino
417 1927 532 1990 Strabo
548 1927 613 2015 cl.
647 1929 703 2010 qui
722 1925 856 1989 urbibue
877 1926 953 1987 inde
975 1926 1172 1988 aLaodicea

130 2024 241 2089 verlue
255 2026 442 2089 Phoenicen
463 2027 528 2089 litio
544 2027 752 2101 adnumerum
782 2026 965 2091 Eullathiue
980 2027 1020 2087 ad
1037 2023 1171 2106 Dionys.

132 2146 169 2191 v.
183 2138 269 2208 914.
294 2129 376 2190 circa
396 2126 601 2202 Phoenicem
640 2128 674 2189 in
696 2127 762 2211 ipsa
783 2127 945 2191 Phoenice
968 2145 1042 2189 curn
1063 2127 1172 2191 nostre

130 2228 257 2293 Pliniua
280 2243 314 2308 5,
335 2246 389 2311 ¹7·
407 2227 428 2292 l.
447 2247 506 2293 oo.
541 2229 627 2312 quod
652 2226 730 2291 lacit
758 2230 921 2310 utriusque
946 2241 1049 2289 terrae
1074 2228 1173 2291 confi·

131 2331 237 2393 nium.
291 2330 372 2393 lude
395 2332 429 2393 iu
446 2331 643 2394 Phoenicem
668 2328 857 2401 delceurlille
878 2321 1096 2392 Alexandrum
1120 2326 1171 2393 M.

109 2429 279 2494 'referunt
295 2433 420 2493 Arrian.
436 2451 463 2497 c.
480 2432 502 2495 l.
526 2446 559 2497 et
574 2432 707 2494 Curtius
724 2441 758 2511 4,
779 2450 807 2502 r,
827 2442 882 2508 ¹5·
934 2432 974 2492 ln
991 2432 1171 2493 Acarnania

134 2547 247 2595 temen
270 2553 342 2595 cum
363 2524 528 2616 Stephano
541 2533 575 2595 h.
589 2554 623 2596 r.
651 2546 683 2595 et
700 2532 866 2595 Eustathio
887 2551 914 2596 c.
934 2532 955 2596 l.
978 2551 1077 2595 nemo
1097 2549 1172 2597 eam

133 2635 307 2717 quaesivit,
334 2635 421 2697 uude
439 2634 538 2697 etiam
558 2636 620 2697 lac.
639 2633 785 2698 Gronov.
810 2634 851 2696 ad
872 2631 986 2714 Polyb.
1004 2642 1039 2716 4,
1056 2651 1091 2713 9.
1116 2633 1172 2695 ad·

123 2732 292 2825 'sentiente
309 2735 609 2822 Schweighaeulero
628 2737 669 2798 ad
689 2735 804 2817 Polyb.
821 2748 854 2814 5,
872 2737 930 2814 63.
953 2748 991 2796 ut
1006 2753 1081 2799 aute
1095 2734 1172 2798 Bet·

133 2836 228 2901 kelio
249 2841 289 2899 ad
313 2839 424 2921 Stepb.
450 2859 482 2921 p.
499 2850 583 2919 535.
607 2857 675 2900 non
694 2853 814 2901 temere
837 2837 991 2901 emendat
1013 2833 1174 2925 Ἀραόἰας,
1208 2920 1212 2927 ι

134 2951 171 3001 et
186 2938 300 3001 Strabo
318 2937 453 3003 lullinet.
490 2936 591 3024 Quod
606 2939 694 3004 Mela
709 2938 813 3002 urbem
828 2960 892 3000 raon
907 2932 1070 3031 obscuram
1085 2938 1174 3010 dicit,

133 3060 175 3103 ex
197 3035 350 3122 luperiori
372 3042 444 3105 loco
461 3026 585 3104 Arriani
601 3041 769 3124 probatur,
796 3041 868 3111 etli,
895 3060 969 3102 cum
989 3040 1059 3123 post
1077 3041 1175 3104 deva·

133 3140 249 3206 statam
264 3142 325 3204 elle
340 3139 447 3204 scribit
461 3141 593 3214 Strabo,
615 3145 723 3205 minue
741 3143 924 3226 obportune
942 3142 1028 3205 Mela
1046 3143 1085 3203 fic
1102 3157 1176 3225 pro·
1281 3130 1288 3141 ’

135 3242 241 3307 ducit.
277 3243 497 3306 Marathunta
510 3245 646 3307 eandem
662 3246 791 3306 videtur
807 3244 966 3328 adpellare
980 3245 1104 3307 Pliniue
1118 3261 1173 3314 to,

136 3357 199 3423 55.
216 3342 237 3406 l.
258 3355 317 3422 25.
351 3347 425 3428 quia
446 3347 613 3432 coniungit
634 3349 669 3408 in
688 3346 747 3408 litu
766 3345 970 3417 Phoenicen,
996 3344 1119 3407 Gabala
1140 3359 1175 3425 et
1250 3374 1253 3378 ·

134 3445 279 3511 Casium.
308 3440 469 3529 Μανᾶφις
483 3448 596 3510 eadem
611 3449 740 3510 videtur
753 3447 812 3511 elle
822 3447 945 3511 Ortelio
955 3448 990 3509 in
1004 3445 1082 3509 thel.
1096 3447 1129 3508 h.
1140 3466 1175 3511 v.

137 3551 226 3630 apud
248 3549 390 3611 Tzetzeu
412 3549 498 3614 Chil.
519 3566 573 3622 ro,
597 3560 658 3630 45.
686 3551 770 3612 inter
793 3548 955 3612 Libanum
976 3562 1009 3612 et
1029 3548 1172 3615 carrum.

136 3649 227 3711 'l'um
257 3649 458 3712 Antaradom
485 3654 697 3736 cognomine,
734 3660 777 3713 'ex
800 3651 858 3714 situ
883 3664 995 3715 contra
1019 3651 1172 3719 Aradum,

137 3751 260 3813 dictam
274 3749 379 3823 soille,
406 3753 573 3815 contendit
590 3753 775 3817 Haeduinue
791 3755 830 3815 ad
845 3753 928 3816 Plio.
946 3765 979 3831 5.
1002 3768 1056 3828 17.
1075 3751 1095 3813 l.
1113 3769 1173 3814 Ao.
1293 3765 1296 3769 ’

135 3854 238 3934 quod,
260 3853 316 3934 qui
333 3853 506 3915 Marathon
522 3870 787 3928 commemorent,
810 3854 964 3917 omittant
977 3855 1174 3922 Antaradon.

138 3966 172 4015 et
193 3968 321 4027 contra,
348 3969 471 4038 praeter
488 3954 713 4020 Ptolemaeum
730 3969 764 4035 5,
788 3969 843 4034 ¹5·
875 3958 932 4040 qui
953 3970 1062 4018 tamen
1083 3956 1122 4018 lrc
1141 3971 1175 4018 et

139 4057 201 4115 alia
217 4055 409 4128 confundat,
436 4074 471 4119 ut
486 4056 644 4143 Clupeam
659 4073 692 4122 et
707 4057 835 4142 Aspida.
887 4057 1009 4143 Quodsi
1024 4056 1082 4129 est,
1107 4057 1175 4140 post

136 4161 275 4221 excitata
291 4175 325 4227 et
341 4162 426 4235 dicta
442 4159 486 4224 est
504 4152 648 4255 Pertusa,
673 4162 722 4225 uti
738 4158 834 4226 refert
846 4158 1040 4227 Wilheheut
1055 4159 1173 4241 Tyriae
