2634 4716
273 411 337 509 'rrt
365 346 513 474 aaran
534 414 643 473 nun.
684 414 721 473 L.
742 415 767 471 t.
808 409 841 473 o
863 412 901 473 v.
943 411 1022 484 ca.
1117 424 1177 474 ιιι

127 564 296 674 Equidem
310 589 421 671 paucio
437 600 563 650 tantum
579 587 632 650 hie
649 585 805 650 summam
827 588 1039 673 complectar,
1065 589 1100 650 ln
1118 608 1181 673 qua

130 703 280 757 auctorea
300 684 470 773 praecipue
486 686 663 753 consentire
683 689 847 781 videntur.
898 686 1039 774 Antiqua
1055 672 1184 755 Ma'ure·

131 794 223 857 rania
248 787 457 876 (Strabonie)
494 792 653 875 pertinuit
683 791 724 853 ad
758 790 976 873 Maffaelyloe,
1018 793 1183 876 finemque

131 893 251 960 habult
266 891 306 955 ab
321 893 381 972 hac
395 907 482 977 parte
499 912 627 957 amnem
640 892 807 957 Molochat
825 893 846 956 l.
861 893 1064 960 Mulucham.
1096 895 1185 959 Haec

132 1010 246 1063 antem
265 991 328 1057 init
343 994 541 1083 Mauretania
562 993 700 1067 Bocchi,
724 1015 805 1079 quae
824 997 863 1059 ad
884 997 1026 1059 eundem
1041 996 1184 1058 fluvium

132 1096 312 1184 pertinuit,
337 1096 480 1177 (Sallust.
502 1099 575 1183 lug.
598 1116 625 1159 c.
648 1094 743 1177 19.f.
770 1115 867 1182 quem
886 1096 1023 1179 [equitur
1042 1096 1129 1161 Mela
1146 1098 1183 1160 in

135 1202 204 1266 line
220 1193 310 1282 cap.)
340 1211 376 1261 et
397 1196 589 1261 Numidiam
610 1199 705 1270 inde,
729 1200 787 1262 uhi
807 1196 980 1281 Mass'aelyli
995 1219 1012 1261 a
1027 1199 1184 1264 Strabone

132 1314 316 1387 ponuntur,
332 1303 437 1363 tenuit
454 1295 619 1387 Iugurtha.
647 1301 786 1379 (Sallust.
801 1321 829 1364 c.
845 1302 890 1379 l.)
929 1303 971 1364 At
990 1301 1038 1362 illi
1051 1301 1186 1365 termini

136 1402 259 1466 mutati
274 1399 397 1463 suntin
414 1401 571 1464 divisione
588 1401 805 1466 Mauretaniae
820 1405 1012 1489 Tingitanae
1030 1416 1065 1466 et
1078 1400 1187 1469 Caela·

136 1503 263 1568 rienfia.
315 1501 444 1591 Nempe
467 1502 684 1568 Mauretaniae
701 1506 848 1588 antiquae
870 1525 959 1588 para.
985 1525 1066 1587 qnae
1087 1506 1187 1568 etiam

137 1602 248 1669 fama
265 1601 405 1677 Bocchi,
436 1603 514 1667 inde
538 1622 556 1666 a
576 1605 709 1669 flumine
734 1605 889 1669 Mulucha
910 1607 949 1668 ad
973 1607 1115 1669 Maluam
1134 1605 1189 1675 ad·

138 1704 256 1789 [cripta
276 1704 321 1769 eil
336 1705 554 1795 Mauretaniae
568 1705 775 1780 caesariano,
799 1726 840 1771 ex
858 1727 922 1791 quo
940 1707 1128 1771 indicanrlua
1145 1704 1190 1771 e'st

138 1806 233 1874 Meta
258 1807 383 1872 etalii
437 1810 486 1871 lta
508 1827 587 1872 vero
611 1823 696 1872 recte
718 1810 847 1873 l’liniue
871 1823 1044 1892 utrumque
1069 1809 1192 1871 indicat

140 1923 181 1990 5,
204 1928 236 1974 r.
250 1904 273 1972 l'.
289 1922 324 1973 a.
350 1908 410 1971 nbi
431 1906 554 1972 tnibin
589 1910 668 1992 Siga
691 1910 823 1974 alterius
845 1913 909 1973 tam
933 1910 1073 1996 (nempe
1094 1911 1191 1994 ipliua

142 2005 270 2094 aetate)
291 2009 523 2074 Mauretaniae
547 2011 591 2096 (i.
608 2028 637 2075 e.
663 2010 877 2084 Caesariensra,
901 2013 935 2074 in
953 2013 1017 2094 quo
1034 2010 1198 2081 consentit

142 2112 290 2179 Ptolem.
305 2121 343 2192 4,
361 2128 396 2177 a.
409 2109 479 2198 in.)
511 2112 662 2196 Namque
677 2113 732 2175 din
747 2135 853 2194 regum
871 2115 1002 2176 nomine
1021 2112 1192 2187 obtinuere,

140 2226 185 2279 act
224 2212 421 2295 noguenaa
457 2212 672 2296 adpetuntur
706 2216 847 2286 extime;
878 2211 921 2298 (i.
945 2234 974 2278 e.
997 2216 1131 2297 propina
1152 2215 1193 2278 ad
1250 2221 1253 2225 '

141 2315 339 2400 Oceanum)
365 2317 499 2398 itemque
519 2317 577 2392 (ut
592 2315 653 2377 aiio
671 2316 819 2397 exemplo
835 2316 923 2377 idem
938 2315 973 2377 in
989 2315 1047 2377 hac
1060 2317 1192 2400 regione
1296 2364 1304 2375 .

146 2416 342 2498 declamet)
363 2416 500 2488 Bocchi,
525 2437 605 2500 qnae
621 2436 706 2478 nune
721 2406 946 2509 caesariensis.
974 2418 988 2495 (
996 2414 1033 2480 lc.
1051 2436 1121 2499 para
1139 2416 1193 2488 est.

143 2537 290 2584 exnora
305 2518 358 2581 illa
378 2518 551 2589 divilione,
577 2518 677 2601 priori
697 2522 852 2598 mutata.)
893 2519 982 2580 Hinc
1000 2533 1086 2582 recte
1103 2516 1198 2580 subii·
1234 2574 1238 2581 .

145 2622 211 2696 cit,
235 2638 317 2705 quae
331 2620 416 2704 apud
436 2617 578 2683 nostrum
594 2634 628 2682 et
641 2619 820 2683 Salluntum
843 2619 1009 2705 leguntur,
1037 2619 1195 2704 fimulque

147 2724 292 2809 adparet,
315 2723 394 2807 quid
411 2721 451 2784 ale
466 2720 737 2806 diaputationibua
753 2723 832 2785 circa
848 2720 988 2784 fluvium
1003 2719 1197 2785 Mulucham

148 2824 354 2889 statuendum
372 2822 420 2888 lit.
449 2820 500 2887 Cf.
516 2822 595 2906 poli.
635 2823 749 2886 Elncet
764 2825 854 2895 item,
877 2823 1098 2906 Pomponium
1117 2825 1198 2887 anti·

146 2946 248 3011 quam
268 2924 463 2993 divisionem
476 2926 516 2986 de
531 2923 651 2988 Bocchi
669 2925 905 3010 Iugurthaeque
921 2925 1029 3010 regnis
1044 2924 1197 2998 rermtffe,

147 3027 307 3115 neglectio
336 3024 570 3115 posterioribne
586 3026 828 3090 mutationibus.
882 3025 970 3089 Fallo
996 3029 1093 3087 etiam
1119 3027 1198 3090 hinc

149 3131 249 3195 Shaw
267 3148 296 3193 c.
312 3128 335 3192 1.
354 3124 462 3211 putat,
487 3126 661 3192 Claudium
676 3130 831 3191 terminoa
849 3128 933 3189 inter
947 3126 1067 3189 Bocchi
1084 3129 1199 3213 lugur-

149 3233 294 3315 thaeque
316 3248 415 3314 regna
444 3227 588 3292 tenuilie.
638 3229 810 3291 Terminos
837 3241 946 3293 autem
979 3228 1197 3293 Mauretaniae

149 3332 357 3417 Pomponiue
371 3351 410 3392 ex
426 3331 569 3395 inliitnto
585 3329 676 3393 curln
691 3329 730 3393 arl
751 3349 837 3392 mare
858 3330 1025 3399 internum
1039 3344 1074 3395 et
1090 3329 1200 3394 verina

152 3436 316 3500 orientem
333 3434 475 3506 ‚indieat3
509 3435 550 3496 de
571 3433 628 3504 iia,
657 3451 738 3515 quoa
758 3429 871 3494 habuit
890 3430 1000 3495 verina
1020 3430 1201 3504 Oceanum,
1221 3448 1224 3455 ·

152 3536 300 3621 loquitur
319 3548 353 3618 3,
374 3554 431 3598 ro.
457 3535 516 3597 ubi
529 3532 671 3619 Nigritae
688 3529 905 3616 Gaetuloaque
923 3532 1112 3596 Maurorum
1126 3531 1203 3599 facit

154 3641 294 3711 vicinoa,
313 3650 350 3698 nt
371 3637 443 3711 alii;
468 3635 672 3700 Ptolemaeus
686 3645 722 3716 4,
743 3656 773 3700 r.
796 3635 836 3696 ad
855 3648 1014 3704 montem.
1038 3635 1202 3699 Atlantem

155 3743 313 3805 maiorem
336 3738 434 3819 (duca
448 3740 538 3823 enim
554 3741 726 3818 memoret)
746 3750 938 3821 promoven
965 3732 1095 3815 Or'osrna
1116 3759 1144 3807 r,
1163 3752 1200 3802 a.

155 3844 196 3906 ad
211 3842 375 3906 Atlantem
388 3852 422 3907 at
436 3839 602 3904 Oceanum
614 3840 820 3910 Atlanticum,
841 3837 899 3901 iub
908 3836 1015 3901 Africo
1029 3840 1068 3901 ad
1085 3836 1204 3922 Hespe·

155 3945 244 4009 rium
262 3956 430 4016 montem,
453 3961 472 4003 a
492 3943 628 4005 meridia
651 3941 689 4004 ari
710 3953 824 4027 genter
844 3939 1017 4011 hoiolum,
1042 3959 1141 4023 neque
1162 3930 1204 4002 ad

154 4044 326 4110 Oceanum
343 4042 533 4127 Hesperium
553 4044 788 4131 contingenter.
840 4041 956 4124 Neque
972 4055 1080 4104 tamen
1096 4043 1131 4103 in
1147 4041 1202 4106 tna

156 4162 302 4215 auctorat
316 4143 544 4220 -eoalennnn,
567 4146 645 4231 quie
661 4164 732 4211 non
751 4141 822 4210 latit
836 4142 974 4219 conllat,
997 4143 1104 4228 quoad
1124 4142 1204 4211 eae·
