2634 4716
277 381 330 440 ru
357 381 496 441 rotat.
523 379 632 439 tran
674 378 755 439 aa
798 358 1070 448 απ...
1133 384 1196 458 aar

154 580 158 585 ·
267 564 271 573 '
314 556 344 637 6.
375 550 423 617 u'..
458 554 663 637 Prienen)
705 547 913 640 Gnllpnjny.
947 549 1061 640 Ioniae
1075 552 1194 617 urbem
1232 540 1243 560 “

146 652 232 721 dicit
247 653 348 719 etiam
365 656 565 740 Stephanus,
589 659 644 719 etti
661 653 763 719 ethic
778 651 860 718 olim
875 653 976 717 Cerea
991 650 1193 727 habitarunt,

146 756 270 845 quibua
296 757 420 823 exactio
447 754 559 843 coloni
586 760 667 821 haec
695 759 768 823 loca
795 770 991 828 tonuerunt,
1027 769 1065 817 ut
1090 754 1193 821 refert

143 856 322 924 Pausanias
341 877 374 936 7,
395 878 427 932 a,
447 877 480 936 7.
532 862 569 921 ln
587 857 685 925 Caria
707 875 819 922 autem
837 878 878 920 ex
900 853 1036 943 antiqua
1059 853 1190 921 ratione

144 982 223 1024 cnm
249 963 388 1039 Myunte
416 958 512 1046 ponit
534 961 693 1024 Herodot.
721 985 750 1034 ι,
775 972 854 1042 142.
889 978 930 1021 ex
952 956 1188 1042 posterioribua

142 1064 356 1135 Ptolemaeua
371 1077 406 1142 5,
427 1082 458 1127 a.
483 1060 539 1125 hic
563 1060 717 1133 etiamid
733 1057 984 1135 mediterraneis
1007 1059 1079 1123 eiua
1096 1055 1187 1123 urbi·

143 1166 217 1228 but.
246 1162 446 1229 Conditorea
462 1161 616 1227 admixtio
625 1162 795 1234 Thebanis
806 1167 904 1237 lonae
916 1160 1136 1225 facitPhilota
1152 1173 1186 1226 et

141 1269 290 1352 Aegypto
305 1265 453 1332 ducibua-
463 1264 638 1330 Pausanias
650 1289 679 1331 c.
696 1269 718 1329 l.
757 1266 824 1329 Sed
831 1267 996 1348 Aepytum
1012 1261 1061 1327 ibi
1076 1266 1186 1346 legen·

142 1368 224 1430 dum
244 1368 323 1443 effe,
349 1385 440 1450 recte
454 1366 587 1433 monuit
601 1366 759 1451 Kuhtaina'
771 1391 803 1452 p.
823 1370 907 1445 526.
936 1365 1027 1453 quod
1042 1365 1185 1451 probant
1281 1434 1285 1443 ¹

142 1470 261 1534 Strabo
280 1482 335 1552 ¹4·
351 1492 383 1555 p.
392 1458 478 1550 435.
495 1471 516 1534 l.
526 1473 611 1548 633.
638 1486 673 1537 et
686 1468 831 1535 Eustath.
849 1469 890 1531 ad
904 1465 1039 1547 Dionys.
1055 1490 1086 1530 v.
1098 1478 1183 1548 823.

139 1573 193 1634 De
215 1569 362 1637 nominis
393 1570 608 1656 corruptione
636 1571 704 1635 aid.
733 1574 849 1651 Heyne
873 1571 919 1658 ad*
938 1570 1130 1654 Apollodor.
1151 1586 1184 1641 a.

141 1682 176 1748 8.
196 1688 228 1751 5.
264 1677 313 1737 Ita
328 1690 439 1739 tamen
456 1689 799 1761 utnanaquetemporo
814 1668 984 1757 distinguit
999 1673 1128 1742 Strabo,
1145 1662 1185 1733 ut
1286 1716 1290 1723 .

138 1772 284 1858 Aepytus
309 1774 533 1860 praecellerit,
568 1776 638 1861 post
659 1775 828 1858 Philotae,
862 1772 986 1861 quippe
1009 1768 1181 1844 Boeotius,

143 1877 286 1940 Cadmea
308 1898 382 1938 eam
401 1875 635 1961 adpellaverit‚
658 1877 749 1962 quod
767 1877 808 1938 de
823 1876 949 1942 Cadme
965 1873 1066 1939 etiam
1081 1872 1182 1943 refert

136 1974 326 2039 Eustathius
346 1997 374 2040 c.
392 1980 414 2039 l.
452 1976 541 2041 Hinc
558 1994 591 2040 et
607 1976 764 2041 Cadmios
782 1977 963 2060 adpellatos
979 1974 1072 2038 luiffe
1089 1970 1179 2039 Prie·

136 2077 255 2141 nenses
271 2099 312 2141 ex
333 2075 508 2141 Hellanico
524 2077 676 2141 adfirmat
693 2075 876 2156 Hesychius
891 2078 990 2139 Tom.
1011 2096 1042 2143 a·
1064 2099 1097 2161 p.
1117 2096 1178 2160 99·
1285 2097 1290 2119 ¹

111 2188 113 2192 '
137 2195 172 2241 et
194 2181 433 2247 Thebanorum
456 2177 623 2245 coloniam
639 2176 729 2265 dicit
747 2175 889 2262 Diogen.
912 2179 1019 2257 Laert.
1042 2202 1071 2250 ι,
1088 2192 1122 2256 5,
1142 2197 1175 2245 a.

136 2302 170 2344 n.
187 2292 244 2358 83.
284 2279 386 2363 Numi
410 2278 509 2343 etiam
527 2279 663 2367 quidem
685 2298 819 2368 urtortyv
840 2274 967 2343 facium
985 2281 1177 2355 Herculem,

136 2381 261 2467 quippe
282 2381 340 2469 qui
362 2384 462 2446 domo
481 2386 629 2447 Boeotus
652 2380 726 2445 fuit.
761 2381 813 2445 cf.
829 2381 954 2445 Ralche
976 2384 1055 2444 Lex.
1082 2404 1176 2449 num.

136 2486 228 2564 T.4.
248 2486 285 2548 P.
301 2488 326 2549 1.
346 2506 379 2569 p.
394 2498 455 2564 55.
478 2501 511 2547 et
525 2486 653 2550 Eclahel
669 2482 705 2547 iu
723 2482 828 2569 doctr·
848 2504 941 2553 num.
961 2484 999 2546 P.
1013 2486 1037 2546 1.
1052 2485 1123 2548 Vol.
1142 2503 1175 2551 a.

134 2608 168 2671 p.
191 2588 275 2664 536.
326 2589 351 2650 Δ
374 2583 505 2665 Myrina
528 2604 640 2652 tamen
662 2589 832 2653 Amazone
861 2581 1026 2668 originem
1053 2583 1176 2669 repetit

132 2685 273 2751 Dioalor.
291 2703 324 2767 3.
348 2703 407 2767 55.
460 2691 554 2774 Quae
576 2691 597 2751 6
623 2710 702 2753 vera
723 2689 812 2760 lunt,
846 2687 889 2753 ad
916 2684 1175 2773 primam'urbia

133 2789 366 2852 fundationem
387 2788 572 2875 pertinent,
604 2788 663 2855 itta
685 2790 727 2854 ad
745 2785 1016 2875 instaurationem
1031 2805 1064 2853 et
1085 2792 1173 2854 colo·

132 2889 243 2963 niam,
278 2912 342 2978 qua
373 2892 515 2956 deducta
542 2892 644 2957 Carea
674 2893 796 2975 expulsa
817 2877 911 2971 lunt,
942 2887 993 2954 uti
1016 2891 1174 2967 etnefert

131 2991 310 3063 Pausaniae
326 3014 354 3055 c.
368 2996 391 3057 l.
430 2996 550 3057 Portua
568 2991 617 3057 illi
634 2990 753 3078 tribuit
772 3010 790 3055 a
814 2992 934 3072 Scylax
952 3014 984 3076 p.
996 3003 1054 3070 38.
1069 2992 1171 3059 Huds·

133 3114 277 3181 quorum
292 3112 379 3159 unua
394 3092 458 3158 fnit
480 3094 618 3161 chalus.
657 3092 748 3159 Hinc
762 3091 864 3158 etiam
878 3094 1068 3159 Herodotus
1085 3098 1119 3168 6,
1138 3108 1172 3174 8.

129 3194 358 3264 Prienenfium
373 3216 474 3261 naver
492 3212 740 3275 commemorat.
776 3195 851 3259 Poll
865 3211 977 3261 tamen
992 3197 1173 3289 Maeander

130 3310 182 3381 4ο
205 3295 314 3360 stadiis
336 3301 436 3382 longo
461 3318 582 3383 aggere
605 3295 883 3362 mediterraneam
907 3294 1007 3371 fecit,
1039 3302 1174 3384 qualem

133 3397 235 3471 etiam
249 3399 394 3463 declarat
407 3401 618 3465 Ptolemaeus
633 3412 667 3478 5,
686 3418 718 3464 a.
754 3399 806 3469 (Ξῖ.
821 3398 945 3468 ᾶεῖΙιεο
959 3402 1172 3466 connectione

123 3501 268 3566 Paulam.
288 3511 325 3579 8.
353 3513 412 3582 atr.
435 3516 469 3580 5.
510 3503 627 3566 Strabo
648 3520 703 3565 aa.
727 3517 818 3569 extr„
860 3499 1062 3568 Nobilitavit
1099 3508 1173 3567 cani

129 3601 209 3668 aias
226 3607 396 3677 alumnus,
424 3624 464 3673 ex
487 3621 507 3682 7
525 3601 723 3688 sapientiam
739 3590 897 3678 numero,
924 3603 1014 3667 uude
1031 3602 1174 3693 Πριηνέα

120 3696 238 3797 livien
256 3720 356 3769 vocat
373 3706 563 3770 Herodotua
590 3730 620 3779 a,
648 3722 728 3783 ²7⁰·
762 3721 798 3769 et
821 3721 951 3790 praeter
974 3707 1173 3793 Strabonem

135 3818 194 3886 aa.
216 3829 248 3891 p.
270 3816 357 3885 438.
375 3807 398 3870 f.
412 3808 497 3889 636.
522 3806 674 3875 adfirmat
695 3799 864 3897 Diogenes
887 3810 958 3873 cl.
1010 3808 1112 3893 Quod
1131 3829 1175 3874 ex

128 3908 333 3987 Pachymere
350 3905 491 3972 discitur·
502 3910 543 3972 Τ.
563 3933 593 3976 ι.
609 3933 641 3995 p.
659 3906 852 3986 3ao..lletit
867 3909 976 3973 adhuc
990 3930 1044 3974 an.
1065 3920 1172 3987 1280.
1269 3960 1272 3965 -

129 4011 244 4074 Incola
285 4007 363 4070 telle
397 4011 584 4102 §tattheum¹
601 4007 735 4074 dioimr'
758 4004 916 4101 Πριηνεὺς
950 4024 984 4073 et
1020 4009 1172 4101 Πριήνιος

129 4108 227 4177 Prior
241 4110 348 4176 forma
367 4110 480 4203 magii.
491 4112 723 4208 dementatur
735 4115 777 4185 ab
787 4108 985 4181 auctoribua
994 4130 1032 4194 et
1046 4113 1172 4205 numia.
