2634 4716
195 368 265 437 θω-
379 356 394 405 Ῑ
463 356 627 419 NOTAE
667 354 974 415 Exnoa'sscan

194 553 246 599 rer
267 544 300 595 et
318 530 518 595 incredibilie
540 550 659 614 paene.
693 544 760 591 tem
782 529 904 593 vastum
927 544 1079 593 terrarum
1103 542 1242 594 tractum

193 634 340 703 humano
355 634 462 697 labore
483 652 625 715 unquam
639 631 741 695 effodi
763 645 796 694 et
815 634 959 695 excavari
980 632 1126 714 potuille.
1163 651 1242 695 voa·

194 756 279 803 arva.
331 735 506 818 Obstupuit
527 733 591 818 iple
608 735 798 798 Herodotur·
808 747 841 795 et
864 736 902 795 ad
918 735 1148 818 quaestionem,
1175 752 1241 817 quo

180 852 359 937 'exportata
379 835 483 900 fuillet
506 836 608 921 egella
629 850 727 909 terra.
750 834 936 918 responsum
953 837 1044 915 tulit,
1072 837 1106 898 in
1125 834 1242 899 Nilum

193 937 286 1006 &illie
311 941 485 1010 deiectam,
516 938 602 1021 quod
627 956 660 1008 2,
682 950 763 1015 150.
785 938 927 1001 iulullrat
948 935 1064 1002 effoffia
1086 938 1244 1001 contentia

194 1043 235 1107 ad
257 1062 369 1126 gazam
389 1039 591 1124 Sardanapali
614 1037 809 1123 spoliandam
825 1042 913 1104 actio.
963 1041 1027 1103 Sed
1047 1053 1133 1103 recte
1150 1038 1243 1101 dubi·

194 1145 277 1207 tavit
295 1138 435 1214 Voffiur.
465 1145 516 1205 coi
531 1141 628 1204 etiarn
649 1153 772 1225 praeter
789 1141 867 1204 alioa
887 1140 1109 1209 adsentiuntur
1123 1139 1243 1203 welle·

193 1246 274 1330 ling.
287 1245 325 1306 ad
344 1244 481 1308 Diodor.
499 1265 528 1314 a,
548 1255 605 1320 51.
630 1257 664 1306 et
675 1240 826 1306 Pococlte
838 1245 881 1307 T.
897 1264 926 1307 a.
943 1257 1045 1328 ΜΒ.
1069 1245 1125 1326 qui
1142 1242 1243 1309 hodie

192 1347 436 1432 longitudinem
459 1346 507 1406 nrt
529 1330 644 1406 eninr
667 1357 713 1421 50
738 1344 931 1416 muranum,
958 1346 1164 1409 mononem
1185 1364 1244 1409 ιο.

194 1443 340 1513 Voffium
354 1445 491 1510 refutare
507 1446 628 1508 studuit
647 1446 677 1508 d'
687 1446 817 1509 Auville
832 1448 876 1509 du
894 1443 1008 1512 [chine
1023 1448 1189 1534 Egyptian
1207 1449 1242 1509 in

192 1548 372 1614 Memoiree
387 1577 436 1594 -
452 1550 493 1612 de
509 1549 598 1611 Paria
612 1550 712 1612 Tom.
730 1550 789 1615 26.
806 1568 838 1632 p.
855 1561 917 1630 89.

269 1750 433 1834 altior)
476 1751 664 1813 Herodotus
681 1767 714 1821 2,
736 1760 816 1829 ¹49·
833 1751 929 1813 habet
941 1749 1052 1827 βάθος
1069 1772 1243 1839 revrpnov·

102 1852 108 1865 ⁸
182 1847 363 1941 wippone,
384 1852 603 1917 consentiente
618 1854 713 1914 etiarn
729 1852 876 1914 Diodoro
893 1872 920 1916 c.
935 1855 957 1917 l.
982 1855 1009 1915 A
1026 1854 1134 1916 Plinio
1150 1868 1185 1931 5.
1204 1872 1239 1934 9.

133 1980 141 1991 ·
193 1954 383 2020 adferuntur
408 1968 455 2034 50
482 1954 601 2037 pallus,
633 1953 690 2035 qui
712 1950 796 2025 fere,
829 1974 902 2015 curn
928 1969 949 2033 5
979 1956 1077 2038 perier
1100 1953 1243 2019 efficiant

192 2057 314 2142 pallum
328 2077 451 2128 ununr,
472 2070 505 2118 et
522 2049 639 2143 ὀργυιά
656 2055 678 2118 6
692 2054 826 2137 pedibur
843 2056 981 2127 constet,
1008 2059 1144 2121 eandem
1160 2055 1242 2120 lum-

193 2180 282 2225 mam
306 2158 424 2222 reddit.
474 2156 603 2239 Nempe
628 2151 744 2245 ὀργυιαὶ
770 2155 943 2240 respondet
967 2156 1033 2221 fere
1055 2159 1152 2243 pallui
1177 2161 1242 2223 llo·

194 2280 304 2332 anano.
330 2261 417 2322 unde
433 2262 529 2323 etiam
547 2259 653 2321 Latini
671 2271 826 2329 anatona,
853 2258 909 2319 ubi
928 2261 1063 2322 verbum
1081 2261 1244 2324 Graecum

192 2363 434 2446 interpretando
456 2362 616 2431 reddunt,
646 2352 756 2449 paffirs
780 2380 901 2441 ponere
919 2359 1036 2433 solent.
1063 2365 1112 2423 uti
1128 2365 1244 2428 multia

192 2466 305 2527 docuit
320 2463 510 2525 Perizonius
526 2464 565 2522 ad
581 2463 703 2524 Aelian.
723 2461 762 2524 V.
778 2462 820 2523 H.
840 2479 894 2541 ru,
913 2480 972 2527 αα.
1013 2459 1111 2540 Quod
1133 2480 1244 2529 autem

193 2559 336 2651 agloffia
352 2564 435 2624 male
457 2583 514 2644 per
530 2564 637 2623 uirium
656 2564 776 2646 exponi
798 2564 892 2636 dicit,
918 2564 1099 2628 adversatur
1116 2567 1244 2633 Pliniue

195 2668 255 2748 36,
278 2683 334 2744 19.
350 2664 372 2725 l.
392 2678 424 2744 5.
457 2665 513 2746 qui
539 2665 619 2724 dicit
641 2663 826 2745 pyramides
849 2667 1126 2748 quadragenarum
1151 2668 1243 2730 ulna·

192 2787 281 2837 rum,
309 2765 365 2827 ubi
388 2766 575 2827 Herodotus
598 2780 631 2834 2,
658 2776 739 2844 148.
763 2762 786 2828 f.
817 2765 913 2829 habet
938 2770 1077 2833 totidem
1099 2763 1244 2857 ὀργυιάς.

192 2866 246 2933 ef.
274 2879 308 2929 et
340 2866 508 2931 llambach
538 2865 580 2929 ad
609 2866 735 2929 Potteri
766 2867 1000 2957 Archaoologie
1021 2904 1072 2926 -
1105 2872 1182 2936 Vol.
1207 2885 1245 2955 3.

191 2989 228 3057 p.
252 2984 340 3034 noa.

209 3228 212 3233 .
269 3168 480 3252 novibus)
530 3168 609 3233 Non
632 3169 673 3237 lc.
695 3169 802 3257 longia
825 3174 877 3236 vel
901 3173 1039 3247 bellicio,
1070 3195 1152 3259 quae
1173 3197 1245 3241 nou

193 3287 260 3338 tam
275 3276 353 3346 olte,
386 3274 539 3355 quoniam
561 3273 675 3334 harunr
698 3275 927 3357 contemplatio
950 3279 1035 3340 nulla
1056 3278 1161 3362 potest
1181 3278 1246 3345 elle

193 3379 230 3438 iu
249 3373 468 3458 profunditate
482 3375 638 3444 notanda.
668 3394 728 3437 nec
747 3376 819 3438 illae
833 3388 923 3439 erant
946 3393 1000 3441 aut
1018 3380 1060 3441 lic
1082 3399 1245 3452 oneratae.

192 3492 248 3541 aut
265 3477 304 3537 fic
319 3474 495 3545 fabricatae,
516 3490 553 3537 nt
567 3478 707 3549 carium
732 3472 831 3559 quare'
845 3500 942 3543 naver
959 3483 1116 3543 mercium
1134 3480 1246 3557 sumit,

193 3590 229 3644 et
242 3579 392 3650 miratur,
419 3591 534 3640 terram
551 3580 596 3639 ita
612 3577 773 3642 deledille.
809 3599 834 3645 ι.
857 3600 1058 3645 onouovrva
1074 3584 1152 3648 MS.

268 3769 592 3872 Psammetichi)
642 3781 682 3843 ln
698 3780 826 3845 Graecis
841 3782 914 3844 libri
937 3786 1081 3869 plerique
1102 3783 1247 3877 Ψαμμὴ·

191 3896 301 3966 ταχος,
325 3877 436 3963 paffim
450 3887 547 3943 etiam
560 3880 787 3970 Ψαμμίτιχος,
809 3898 884 3946 utet
896 3888 1061 3951 Scholiast.
1081 3891 1244 3974 aristoph.

193 3983 233 4047 οὐ
257 3984 390 4045 Plutum
410 4005 443 4048 v.
464 3995 543 4060 178.
573 3987 613 4044 de
635 4003 699 4066 quo
723 3982 764 4048 cf.
784 3986 967 4073 Weffelirrg.
988 3992 1026 4052 ad
1054 3994 1192 4056 Diodot.
1212 4012 1245 4066 ι,

193 4084 257 4153 66.
286 4084 372 4150 illud
388 4085 530 4173 plerique
542 4084 697 4173 probant,
720 4087 911 4154 Latinorum
927 4087 984 4154 ulu
1001 4095 1245 4160 confirmatum.
