2634 4716
219 388 282 458 w
489 370 651 435 noran
688 368 995 441 axnenrrctn
1113 368 1118 379 ’

225 551 314 615 mide
335 549 490 621 dubium,
524 548 545 607 u
567 548 692 632 cogites
715 566 734 609 a
758 545 912 609 tenuibue
940 542 1082 610 exordile
1105 546 1143 607 in
1166 516 1270 609 maine

228 655 338 716 lenlrm
362 652 485 735 augeri,
515 668 588 710 curn
611 654 681 711 eius
700 668 768 712 non
785 646 886 708 lulum
905 642 1004 708 claffia
1023 642 1218 731 anrplill'rrna
1237 660 1269 711 et

176 798 177 802 =
227 749 455 819 instructissima
475 749 681 823 describetur,
715 748 766 812 led
784 762 817 812 et
836 748 1016 811 Phoenicen
1034 748 1204 811 adiutoree
1227 768 1269 810 ar·
1310 770 1313 776 ·

228 853 365 930 celluia
386 855 530 915 Diodoro
550 869 583 921 o,
607 852 661 916 16.
685 851 914 933 producantur.
967 848 1121 914 Ceterum
1144 851 1269 913 Pliniut

230 972 265 1039 5,
289 970 343 1037 13.
363 955 385 1017 l.
405 971 460 1016 ro.
484 956 526 1015 ita
547 954 624 1015 haec
643 953 764 1016 reddit:
796 952 937 1014 inventio
959 952 1125 1014 travalium
1148 949 1269 1016 bellico·

228 1080 357 1144 rumque
377 1057 505 1119 artium.

305 1246 634 1341 imperitare)
693 1255 836 1341 Respicit
869 1254 1062 1338 lllyriorum
1098 1257 1271 1347 imperium

230 1364 379 1428 omnium
396 1355 658 1442 antiquiffimum.
686 1378 856 1421 cuncvrva
872 1360 950 1422 MS.
990 1352 1128 1441 Propter
1145 1358 1271 1425 Ninum

230 1467 263 1526 id
281 1466 352 1546 iplia
367 1463 533 1531 tribuitur,
565 1461 603 1521 ab
626 1462 717 1522 cuius
736 1480 837 1545 regno
858 1461 1018 1544 incipiunt
1038 1479 1156 1524 omnee
1172 1462 1272 1547 genti·

231 1567 312 1629 lium
331 1564 487 1626 historiae.
522 1581 548 1625 1.
569 1580 766 1625 euouovrve
782 1560 860 1625 MS.
880 1582 911 1627 ι.

227 1806 232 1815 ·
309 1761 578 1849 proelium)
626 1762 752 1827 Pliniue
768 1776 802 1838 7,
820 1773 878 1841 57.
894 1762 915 1827 l.
929 1762 988 1844 56.
1013 1764 1179 1829 Proelium
1198 1756 1275 1859 Afri

233 1881 346 1932 contra
361 1866 532 1949 Aegyptios
551 1866 649 1946 primi
660 1855 771 1955 secere
782 1854 942 1961 fustibus,
961 1886 1041 1949 quos
1054 1882 1182 1931 vocant
1197 1868 1273 1949 plra-

232 1973 365 2051 langns,
388 1970 427 2030 de
442 1968 558 2048 quibua
574 1968 641 2027 vid.
660 1964 707 2026 ibi
722 1964 918 2031 Harduinuc.
953 1968 1045 2055 Idem
1053 1970 1161 2031 tradit
1177 1970 1274 2056 Hygi·

231 2092 293 2135 nna
315 2068 376 2133 lab.
408 2081 493 2147 274.
521 2067 639 2130 Belum
670 2067 813 2149 primurn
840 2068 947 2152 gladio
979 2070 1147 2153 pugnalle.
1192 2073 1275 2135 unde

232 2173 355 2235 bellum
370 2170 493 2232 dictum
513 2169 558 2230 srt.
610 2171 662 2231 De
683 2186 844 2231 armorum
866 2170 1090 2233 inventoribus
1107 2172 1201 2236 idem
1217 2172 1274 2236 Pli-

232 2276 307 2337 niue
329 2294 356 2335 c.
373 2273 395 2335 l.
416 2284 535 2340 narrat,
569 2270 703 2353 aliique,
735 2288 817 2351 quoe
837 2272 1008 2333 nominant
1035 2273 1099 2333 viri
1124 2275 1219 2337 docti
1239 2274 1273 2336 ad

233 2376 412 2459 Hyginum.
464 2371 631 2434 Proelium
663 2384 772 2433 autem
799 2370 839 2432 de
866 2372 931 2434 acie
957 2372 1105 2434 instructa
1131 2375 1275 2460 initoque

232 2477 345 2540 ordine
361 2474 617 2556 intelligendum.
667 2472 754 2534 Hinc
767 2484 801 2532 et
821 2471 878 2566 τῆς
897 2469 1056 2562 διαφορῆς
1072 2468 1176 2541 αἴτιοι
1197 2480 1277 2541 inter

236 2579 373 2641 Graecos
397 2587 430 2633 et
456 2574 542 2634 Aliae
575 2573 714 2655 populor
746 2592 786 2635 ex
811 2571 977 2637 Persarum
1009 2573 1217 2643 sermonibus
1239 2578 1275 2643 alt

235 2676 401 2741 Herodoto
424 2672 481 2737 lib.
502 2694 532 2736 ι.
549 2673 595 2736 in.
616 2685 781 2738 vocantur.

386 2880 414 2956 §.
444 2893 478 2940 2.
535 2874 688 2961 Tyros)
737 2876 881 2942 Priscum
904 2900 1026 2944 nomen
1051 2886 1104 2951 Ἣ
1130 2876 1276 2956 vel‘ti'il,

237 2980 325 3064 quod
350 2979 482 3041 Punicis
505 2978 605 3041 literie
629 2979 663 3041 in
687 2978 862 3061 Tyriorum
888 2985 997 3044 numie
1022 2988 1127 3046 notari
1150 3000 1275 3069 putant.

237 3081 290 3147 Cf.
313 3080 449 3143 Eckhel.
473 3080 573 3141 doctr.
588 3082 723 3145 numer.
745 3083 780 3145 P.
803 3103 833 3145 ι.
856 3084 926 3145 Vol.
943 3097 976 3161 3.
999 3104 1032 3166 p.
1051 3095 1137 3165 408.
1193 3090 1278 3152 Hinc

238 3203 318 3246 vero
345 3176 415 3269 Σὸρ
443 3180 502 3265 (nl.
536 3180 633 3243 etiam
657 3178 760 3271 Σὼρ)
793 3184 970 3246 incolarum
996 3186 1102 3270 lingua
1128 3190 1278 3273 adpellari

238 3286 334 3347 tradit
350 3284 575 3345 Theodoretus
592 3286 626 3344 in
642 3285 801 3348 Ezechiel.
819 3305 886 3367 cap.
905 3287 962 3348 αδ.
988 3299 1020 3348 et
1036 3290 1075 3348 lic
1088 3294 1229 3353 occurrit
1245 3293 1278 3352 in

238 3385 420 3469 Engefippo
439 3384 478 3445 de
501 3384 653 3447 ‹lillantiia
671 3385 767 3449 locor.
790 3400 889 3448 terrae
903 3389 934 3451 S.
951 3389 995 3448 in.
1023 3404 1056 3449 et
1076 3388 1203 3456 Chron.
1224 3395 1279 3456 Pa·

240 3485 333 3547 ichali
350 3506 382 3567 p.
406 3504 486 3564 ²¹9·
510 3487 589 3549 Ven.
642 3486 783 3550 Orientis
804 3489 901 3549 etiarn
923 3490 1059 3570 populos
1080 3489 1207 3574 lemper
1223 3512 1279 3557 no·

240 3587 370 3650 minalle
397 3577 495 3677 Tsour
519 3584 540 3649 l.
563 3588 644 3650 Sour
665 3589 833 3650 contendit
849 3590 973 3669 Volney
994 3588 1085 3654 nette
1106 3594 1139 3655 d.
1164 3595 1278 3677 Syrien

241 3691 338 3752 Tom.
357 3704 390 3750 2.
415 3709 447 3769 p.
469 3700 550 3765 157.
600 3687 706 3771 lplunr
732 3710 853 3752 nomen
876 3693 910 3751 in
934 3691 1135 3756 Phoenicum
1158 3696 1276 3783 lingua,

239 3811 279 3853 ex
300 3809 360 3872 qua
382 3790 503 3850 derivat
519 3789 666 3852 Bochert.
683 3792 717 3851 in
731 3790 832 3854 Chen.
851 3807 883 3861 Ω,
906 3806 958 3867 ι7.
982 3790 1133 3876 fignificat
1154 3817 1275 3882 rupem,

238 3893 278 3953 ad
298 3893 390 3951 litum
406 3904 489 3971 apte.
525 3891 634 3952 Graeci
651 3893 800 3953 dixerunt
814 3883 939 3979 Τύρος,
965 3912 982 3953 a
999 3896 1088 3974 'l'yro
1101 3894 1274 3972 Phoenice,

238 3992 436 4075 (Stephanus,
449 3991 483 4053 h.
496 3996 543 4070 v.)
572 3993 624 4053 vel
640 4012 657 4053 a
673 3992 762 4072 Tyro
777 3995 931 4078 Agenoris
947 3996 1095 4081 coniuge,
1120 3999 1274 4074 (Eustath.

238 4093 278 4155 ad
293 4090 427 4171 Dionyl.
444 4112 476 4156 v.
489 4110 575 4171 911.
603 4092 725 4158 Chron.
743 4093 851 4160 Paleh.
868 4112 901 4177 p.
918 4105 978 4175 35.
995 4096 1090 4175 Ven.)
1113 4099 1184 4184 ipln
1202 4104 1276 4190 Aga·
