2634 4716
232 420 295 487 410
502 408 664 501 uorat
700 407 1003 466 axaoarrcae
1137 418 1142 427 ·

43 640 49 647 .
103 624 105 629 -
232 579 630 667 ersnnornpnm.
654 581 676 648 r.
697 583 781 658 ευ,
808 580 1032 644 auratum.
1085 543 1179 642 n..
1201 592 1272 639 vnn

233 679 346 767 paffim
367 685 487 746 Rhodii
502 687 641 747 maxime
658 670 882 769 cognationem
898 702 971 746 cum
990 683 1050 743 hae
1063 680 1147 752 urhe
1163 679 1273 741 iactant

235 799 367 868 propter
386 806 594 850 communem
617 787 773 871 originem
794 805 833 847 ex
856 786 957 868 Argia.
1003 781 1054 844 cf.
1070 781 1196 861 Polyb.
1216 800 1241 842 c.
1254 779 1272 842 l.

232 887 308 950 Liv.
326 902 382 965 37,
401 889 461 967 56,
479 903 513 962 ¹7.
563 889 601 953 ln
621 888 788 951 maritimis
801 888 895 969 ponit
910 885 1117 947 Ptolemaeus
1132 896 1169 961 5.
1187 894 1223 959 5.
1245 891 1272 942 rt

232 990 427 1051 maritimam
448 1001 542 1050 vocat
562 991 693 1051 Tacitue
707 992 792 1053 Arm.
810 1002 842 1057 a.
859 999 918 1064 55.
933 984 956 1048 i.
981 988 1100 1069 inquo
1117 981 1272 1047 consentit

234 1088 385 1171 Xenoph.
411 1089 450 1151 tle
474 1090 588 1170 expeti.
610 1111 638 1158 t,
659 1106 691 1159 o,
710 1099 769 1169 24.
821 1089 919 1172 Quod
944 1088 981 1148 ad
1000 1087 1161 1149 Pinarum
1184 1081 1271 1162 (llr'r

231 1210 328 1276 vapor
345 1191 463 1273 vulgo)
486 1188 589 1252 statuit
603 1188 810 1272 Theophrast.
820 1193 853 1251 in
869 1189 937 1252 hill.
953 1189 1088 1271 plantor.
1101 1205 1134 1258 o.
1156 1201 1193 1267 5.
1214 1187 1271 1248 lire

230 1288 384 1353 Pinarum
406 1289 453 1350 ibi
474 1291 569 1374 legar,
597 1291 873 1371 stre-Pyramum,
898 1298 917 1352 a
941 1309 1018 1351 vero
1047 1289 1109 1349 srtn
1135 1288 1270 1358 recetlit;

230 1393 305 1472 quia
319 1410 386 1452 non
400 1393 511 1473 procul
530 1413 547 1454 a
563 1392 646 1455 Solia
661 1407 727 1454 erat
739 1392 857 1454 fluvius
873 1392 1021 1462 tarmus.
1041 1390 1180 1470 (Strabo
1196 1410 1223 1452 c.
1234 1389 1275 1464 l.)
1313 1416 1315 1429 ·

173 1508 176 1513 '
231 1489 413 1561 [Lamus.
435 1493 593 1570 (Ptolem.
611 1507 644 1570 5,
669 1497 724 1571 8.)
757 1494 845 1575 quod
874 1494 984 1554 verius
1011 1510 1138 1553 nomeu
1171 1488 1271 1554 censet

140 1628 172 1675 ‚·
229 1590 385 1659 Mannert
407 1595 441 1653 in
465 1594 584 1678 Geogr.
607 1596 677 1656 Vol.
695 1596 729 1657 6.
753 1595 790 1656 P.
808 1609 840 1656 o.
864 1616 895 1676 p.
915 1594 975 1672 69.
1014 1592 1271 1677 Theophrastum
1313 1582 1315 1603 '

228 1705 338 1757 temen
365 1692 504 1775 seqnitur
534 1696 721 1777 Apollonion
745 1693 899 1774 Dyscoiua
933 1698 967 1754 in
993 1693 1065 1756 hill.
1094 1706 1269 1757 comment.
1313 1708 1315 1731 ¹

229 1807 376 1878 capua.
414 1796 509 1857 Error
522 1796 599 1857 irtrle
611 1808 707 1879 patet,
722 1798 809 1876 quod
825 1796 863 1857 ab
878 1796 1056 1858 Alexandro
1075 1796 1167 1857 iuxta
1184 1797 1270 1856 illnut

228 1896 366 1961 fluvium
389 1910 567 1980 pugnatum
586 1894 674 1959 fnille
690 1898 823 1958 addunt.
877 1898 1024 1958 innotuit
1038 1900 1187 1960 maxime
1202 1898 1270 1959 urbe

117 2012 119 2016 ’
229 1989 410 2088 soloecismi
431 1998 531 2060 verbo
552 1998 586 2058 in
609 1998 789 2067 rhetoricis,
814 1998 870 2060 etii
890 1996 1021 2078 qnidam
1042 1999 1082 2059 ad
1102 1998 1210 2080 Cypri
1227 2018 1271 2059 ur·

229 2098 305 2160 bem
325 2097 444 2161 referre
464 2100 592 2168 malint,
629 2115 660 2161 et
688 2113 773 2161 certe
794 2098 928 2169 dubium
958 2097 1050 2160 faciat
1074 2100 1196 2163 Soirlaa
1210 2099 1267 2161 el.

227 2202 291 2263 Sed
308 2198 348 2262 cf.
363 2202 473 2262 Sallier
490 2199 538 2260 sur
553 2201 597 2262 lea
613 2215 697 2262 mota
711 2198 880 2263 Solecifrne
893 2215 926 2260 et
940 2198 1139 2262 Barbariime
1156 2203 1198 2267 in
1208 2200 1269 2264 ltili.

227 2302 268 2363 rie
287 2299 467 2362 l‘acadernie
483 2304 522 2363 de
538 2302 624 2362 Paria
642 2302 683 2361 Τ.
700 2316 733 2375 5.
748 2321 780 2381 p.
800 2315 870 2379 515
888 2298 948 2381 qu.
975 2303 1076 2382 etqui
1101 2304 1270 2365 nominan-

227 2416 280 2464 tur
299 2404 332 2462 in
350 2404 484 2484 Ailgem.
500 2402 601 2462 wett-
616 2398 728 2464 Geich.
741 2402 814 2463 ¹llol.
831 2411 865 2479 4.
886 2422 918 2483 p.
934 2403 1019 2477 650.
1074 2402 1174 2463 Tnlit
1189 2406 1271 2466 νίῐοι

228 2506 361 2569 dootoo.
390 2507 424 2562 in
447 2503 562 2581 quibua
584 2502 812 2582 Chrysippum.
841 2502 1002 2570 Stoicum.
1028 2493 1270 2575 Philemonem.

225 2620 354 2688 poetam
371 2604 542 2670 comicum.
567 2617 599 2663 et
619 2605 760 2673 Aratum,
786 2603 1013 2665 astronomum.
1039 2604 1179 2679 (Strabo
1194 2626 1222 2668 c.
1238 2602 1272 2690 i.)

225 2703 353 2768 Incolae
381 2717 534 2782 vocantur
559 2699 693 2773 Σολεῖς,
727 2708 759 2764 in
784 2703 893 2785 Cypro
917 2699 1049 2783 Σόλιοι,
1076 2708 1127 2765 uti
1158 2707 1272 2770 diserte

226 2817 364 2868 monent
387 2805 525 2887 Diogen.
550 2805 658 2866 Laert.¹
674 2823 701 2866 c.
723 2806 744 2867 l.
771 2806 881 2867 Strabo
906 2815 959 2883 '‘l-
982 2825 1014 2886 p.
1031 2814 1120 2882 470.
1147 2807 1168 2870 i.
1189 2812 1272 2887 683.

226 2921 336 2968 auctor
350 2905 434 2966 vitae
452 2906 553 2977 Arati,
582 2905 721 2971 Eullath.
739 2925 766 2967 c.
790 2906 811 2967 Ι.
865 2907 1043 2986 Utrumque
1064 2906 1180 2972 tame'n
1203 2929 1273 2993 pro·

224 3005 345 3070 milone
362 3027 402 3067 ex
413 3007 521 3067 numia
539 3003 660 3087 profert
675 3004 792 3067 llalche
808 3009 842 3066 in
860 3006 934 3069 Lex.
951 3027 1041 3068 num.
1057 3010 1099 3069 Τ.
1115 3020 1156 3089 4.
1181 3012 1220 3074 Ρ.
1239 3026 1271 3074 a.

224 3130 257 3194 p.
281 3120 374 3188 1353
390 3105 451 3190 [qq.
478 3121 512 3167 et
528 3103 657 3170 Σολιων
674 3107 803 3170 Ciliciae
820 3110 917 3168 etiarn
934 3108 1146 3171 tribuendum
1166 3112 1274 3175 ueniet

224 3208 361 3274 Eckhel.
388 3212 421 3271 in
447 3210 588 3271 doctrina
611 3228 704 3270 num.
733 3209 770 3270 P.
796 3230 824 3270 r.
855 3210 925 3271 Vol.
944 3224 976 3288 5.
999 3228 1031 3292 p.
1048 3209 1110 3286 63.
1170 3213 1272 3300 Quod

226 3312 340 3377 Noster
363 3311 452 3373 addit
478 3310 719 3389 Ponrpet'opolr'n
748 3309 852 3392 pollen
873 3327 1017 3373 vocatam
1039 3310 1118 3392 elle,
1156 3319 1272 3378 confir·

225 3426 314 3478 mant
337 3411 467 3492 plurimi
485 3425 517 3473 et
539 3432 555 3473 a
576 3406 735 3491 Pompeio
754 3430 874 3472 nomen
897 3413 1037 3479 ducunt.
1069 3433 1086 3472 a
1108 3433 1179 3494 quo
1198 3418 1272 3481 urba

224 3514 389 3578 instaurata
410 3510 489 3580 fuit,
516 3508 710 3598 (ἁνεκτίσθη
734 3512 886 3592 stephan.
905 3510 924 3574 i.
942 3533 973 3572 r.
989 3507 1118 3589 Σόλοι)
1145 3519 1198 3578 uti
1222 3539 1272 3580 ea·

225 3617 301 3678 dem
333 3614 373 3674 tle
407 3611 494 3674 caula
530 3613 702 3694 Eupatoria
737 3632 857 3688 nomen
888 3613 1103 3692 Magnopolis
1135 3621 1269 3702 accepit.

225 3713 357 3796 (Strabo
381 3728 435 3775 ια.
461 3735 493 3794 p.
519 3725 602 3793 585.
625 3711 646 3776 l.
670 3715 774 3790 556.)
799 3713 850 3774 vel
877 3716 1125 3795 Pompeiopolis.
1165 3722 1267 3797 (Plio.

226 3821 260 3886 6,
283 3832 314 3879 n.
332 3813 376 3889 f.)
417 3813 528 3876 Nostra
556 3834 574 3875 a
602 3813 727 3875 Graecis
757 3813 844 3875 scribi
876 3813 952 3875 [olet
978 3811 1266 3904 Πομπηϊούπολις.

223 3916 357 3998 (Strabo
371 3934 398 3976 o.
413 3915 435 3976 l.
463 3915 627 3998 Appianue
643 3919 676 3975 in
693 3915 837 3975 lilithtid.
854 3935 881 3979 c.
905 3930 985 3993 115.
1001 3921 1075 3996 ἢ)
1099 3920 1159 3980 etl'r
1181 3921 1264 3984 docti

223 4020 355 4103 quidam
371 4017 432 4076 viri
446 4037 484 4078 ex
499 4017 607 4077 numia
625 4013 802 4093 sollicitant,
828 4018 947 4099 quippe
962 4017 995 4076 in
1011 4018 1132 4098 qnilrua
1146 4022 1262 4108 legitur

223 4121 344 4208 gentile
361 4111 684 4210 Hoprnnroltetrwv.
717 4113 899 4186 emicho
914 4118 1036 4184 inLex.
1053 4140 1156 4187 num.
1174 4122 1214 4189 Τ.
1227 4137 1258 4205 5.
