2634 4716
110 340 113 345 .
240 403 305 476 Μ
511 395 676 461 elom
714 397 1016 459 excomm

234 590 322 658 *vege
336 575 431 657 ponit
447 573 615 656 syncellus
629 591 662 656 p.
677 571 757 638 126.
774 573 856 638 Ven.
884 556 1103 637 Cumaaorunr
1118 592 1159 636 ex
1171 573 1289 638 cumin

236 675 362 741 Aeoliia
385 668 547 739 coloniam
571 670 835 757 iaciuntpluree,
870 687 907 735 ut
935 674 1048 738 Strabo
1069 687 1124 753 14.
1149 695 1184 758 p.
1200 686 1289 759 459.

238 772 261 841 s.
280 779 365 852 667.
395 779 508 857 Scylax
530 797 562 859 p.
581 786 641 857 40.
661 773 762 839 Huds.
790 791 824 838 et
844 778 880 836 in
902 777 1016 857 primia
1038 774 1162 841 Arrian.
1179 777 1222 840 de
1238 798 1290 842 ex·

236 880 315 965 ped.
334 881 421 943 illex.
448 886 476 954 l¹
502 880 561 949 26,
585 879 621 943 6.
651 879 707 960 qni
730 876 874 940 uberiora
900 878 998 941 dabit.
1050 879 1204 943 Portum¹
1220 879 1291 943 eiua

238 993 473 1044 commemorat
483 981 595 1060 Scylax
612 999 638 1041 c.
657 979 680 1041 l
700 999 776 1043 cum
793 979 877 1041 Mela
893 998 959 1060 cap.
977 976 1063 1060 sequ.
1087 980 1201 1044 Strabo
1221 1001 1250 1044 c.
1264 982 1291 1048 l.

236 1081 409 1147 Minervae
431 1083 606 1162 ternplum.
632 1083 724 1144 cuiue
740 1079 882 1164 effigiem
900 1081 1041 1162 adposito
1056 1084 1141 1145 malo
1157 1082 1287 1146 Punico

236 1185 334 1246 nurui
349 1187 445 1245 etiarn
461 1183 629 1246 exhibent.
681 1180 804 1249 Urbem
822 1200 888 1245 non
906 1181 1086 1266 ignobilem
1102 1181 1191 1248 soille
1210 1185 1290 1250 inde

236 1281 433 1346 luculentior
460 1284 564 1366 pollea
586 1285 746 1365 adparuit.
782 1284 868 1366 quod
892 1283 1100 1367 Pamphyliae
1117 1286 1144 1349 l.
1167 1301 1290 1350 metro·

235 1386 322 1470 polle
338 1382 416 1447 secta
435 1385 496 1456 cll.
519 1400 556 1447 ut
571 1386 666 1448 docel
681 1385 864 1472 Welseliug.
881 1386 920 1447 arl
941 1386 1125 1450 Hieroclem
1148 1408 1181 1470 p.
1200 1389 1287 1466 682.

230 1498 270 1551 et
297 1487 455 1549 declarant
482 1490 586 1558 nunu¹
624 1488 659 1547 in
682 1488 802 1572 quibus
827 1506 893 1548 non
918 1485 1023 1550 solum
1049 1481 1287 1578 λαμπροταη),

235 1575 366 1662 euboici
387 1590 577 1672 adponitur,
604 1585 657 1651 secl
674 1603 708 1649 et
728 1585 1086 1676 πρωταᾙαμφυλων.
1112 1590 1153 1652 de
1167 1594 1288 1671 quibua

234 1687 275 1750 ci.
303 1702 426 1771 praeter
451 1686 621 1751 llalcbium
649 1703 743 1772 atque
777 1688 977 1752 Eclrhelium
1004 1691 1221 1772 Spanbemiue
1245 1694 1287 1758 ele

232 1789 345 1872 praest.
365 1819 412 1834 -
437 1809 528 1853 num.
554 1787 620 1851 diis.
639 1807 675 1867 9.
699 1810 731 1871 p.
748 1803 834 1872 591.
889 1792 998 1854 lncola
1018 1787 1176 1878 Σιδὴτης.
1208 1794 1286 1859 telle

232 1890 417 1973 Stephano,
453 1890 737 1973 comprobantibus
764 1890 912 1973 plurimie
937 1895 1065 1963 numia.
1098 1914 1138 1957 ex
1164 1895 1285 1978 qnibne

103 1987 106 1999 '
234 2010 341 2054 unum
363 1990 604 2055 tantumedsert
619 1989 740 2056 slascbe
761 1993 796 2056 in
818 1994 897 2057 Lex.
914 2013 1006 2059 num.
1023 1996 1119 2059 Torn.
1136 2006 1171 2077 4.
1190 1998 1281 2063 ΡΑ.

190 2098 193 2103 “
224 2110 265 2177 p.
290 2108 376 2173 9¹5·
404 2096 439 2157 in
459 2112 525 2177 quo
543 2117 553 2157 ι
568 2113 625 2176 pro
642 2116 661 2182 η
676 2093 814 2178 politum
837 2092 1040 2179 conspicitur.
1092 2096 1223 2163 Poterat
1244 2118 1282 2162 ex

231 2192 401 2259 Holllenio
422 2200 461 2261 ad
481 2195 634 2279 Stepban.
650 2215 686 2278 p.
703 2211 788 2275 292.
815 2197 915 2258 allum
937 2199 1053 2261 addere
1077 2217 1153 2259 cum
1176 2199 1280 2264 inscri-

231 2299 344 2380 ptione
364 2299 399 2361 in
423 2296 539 2361 rrrensa.
594 2298 685 2359 Hanc
708 2294 890 2381 scripturam
908 2296 1117 2384 longaetiam
1143 2302 1280 2385 disputa·

170 2443 174 2454 ,
232 2400 325 2460 none
340 2400 374 2461 in
390 2400 521 2461 Arriano
536 2416 565 2462 c.
580 2398 602 2461 l.
623 2410 731 2460 tuetur
747 2398 934 2462 Gronovius
948 2414 1080 2483 propter
1095 2401 1279 2467 Sideterurn

230 2497 394 2561 barbaram
436 2512 469 2561 et
502 2497 694 2560 insolentem
727 2499 961 2583 pronunciandi
1002 2498 1277 2578 consuetudinem.

230 2620 327 2682 qnam
344 2600 439 2661 numi
456 2611 546 2662 cante
565 2599 723 2663 devitent.
751 2642 755 2650 -
776 2601 927 2663 Retinuit
945 2601 991 2661 ibi
1011 2604 1110 2664 etiam
1132 2605 1278 2672 Scbmie·

230 2701 344 2769 dune,
371 2697 422 2761 sed
438 2701 478 2763 arl
499 2718 710 2764 conamunenr
726 2701 862 2764 aliorum
880 2699 971 2762 usum
992 2706 1157 2767 revocavit
1179 2707 1278 2792 arlspi·

177 2828 180 2835 ’
229 2801 375 2866 caulibue
399 2801 524 2866 Msstie
548 2799 840 2887 Schweighaeuser.
862 2802 898 2862 in
921 2803 1035 2882 Polyb.
1053 2816 1087 2882 5,
1104 2819 1164 2888 73,
1181 2820 1218 2890 4.
1246 2822 1278 2874 et

229 2918 324 2968 aulea
347 2902 537 2986 probaverat
552 2903 696 2966 Holllen.
713 2923 741 2966 c.
757 2903 780 2966 l.
818 2902 903 2966 Nota
918 2903 962 2967 ell
981 2907 1147 2988 utriusque
1167 2910 1276 2976 literae

230 3001 388 3069 oonsulio.
438 3004 625 3069 Recentiori
645 3017 745 3067 aetate
771 3002 998 3077 Oenotheam,
1032 3019 1070 3068 ut
1090 3024 1130 3071 ex
1153 3012 1275 3077 Senuto

148 3112 160 3126 “
229 3104 327 3169 refert
350 3099 502 3172 Menneu
522 3126 555 3192 p.
576 3115 660 3189 124.
679 3107 752 3174 cl.
790 3104 914 3172 Notavi
937 3105 1002 3192 ipse
1025 3127 1068 3173 ex¹
1086 3109 1156 3180 auu
1177 3114 1276 3178 Scae·

228 3205 335 3274 detor.

305 3346 590 3443 Eurymedon)
639 3359 695 3424 Gr.
717 3348 924 3449 Εὖρυμὲδὼν.
958 3361 1063 3446 Prope
1085 3364 1274 3450 Aspendum

229 3480 343 3526 omnee
360 3477 503 3545 ponunt.
534 3481 636 3544 eoque
652 3460 786 3526 adverso
808 3462 944 3525 flumine
963 3464 1003 3527 erl
1019 3467 1067 3531 llo
1089 3467 1182 3531 stadia
1205 3467 1273 3532 sub-

228 3564 310 3628 vehi
327 3563 440 3626 Strabo
461 3572 515 3647 ¹4·
538 3583 571 3647 p.
586 3573 674 3648 459.
689 3564 807 3640 [667.
824 3577 937 3629 narrat.
978 3567 1080 3653 Quod
1095 3588 1113 3631 a
1128 3571 1272 3652 pluribue

228 3665 422 3736 celebratur,
448 3667 518 3730 eine
539 3662 661 3728 causm
681 3665 830 3751 adiungit
850 3663 915 3750 ipse
938 3666 1035 3733 Mela.
1075 3667 1128 3734 Cf.
1152 3671 1194 3736 de
1216 3674 1272 3736 illo

227 3767 355 3855 proelio
379 3766 587 3847 Thucydideo
606 3786 637 3841 r.
662 3786 744 3834 roo.
784 3766 947 3855 Nepoen4.
968 3786 1001 3846 α.
1023 3788 1059 3851 a.
1083 3784 1117 3837 et
1133 3793 1216 3860 quoe
1230 3774 1272 3841 ad

225 3885 303 3933 eum
324 3868 442 3932 iudicat
457 3868 580 3949 Boline.
673 3934 676 3945 ,

301 4020 532 4084 Phoenicas
540 4017 560 4101 l
608 4017 681 4085 Hoc
694 3967 1038 4108 temqnemprlrnarioe
1058 4025 1093 4089 in
1109 4041 1177 4091 arte
1193 4047 1270 4096 mu.

224 4121 287 4195 ³¹⁰⁸
304 4135 398 4210 “slus
413 4123 512 4191 ⁰⁶¹¹!
526 4122 590 4192 fi&
603 4139 680 4216 ψ
694 4123 803 4195 reo·
816 4123 900 4196 soloe
915 4127 1076 4203 nominate
1094 4142 1129 4201 ec
1148 4131 1185 4194 in
1200 4132 1270 4216 qia.-
