2634 4716
103 437 194 509 '⁶40
401 429 565 489 norea
604 430 909 487 nxaonrrctn

133 600 396 687 exsequentibus
418 601 628 684 adparebuut.
670 603 747 686 Quo
766 601 824 663 sun
844 602 930 665 Mela
952 598 1120 686 posuerit,
1145 603 1188 662 in·

95 780 98 787 ¹
134 708 292 792 telligitur
318 725 359 768 ex
381 703 437 765 lib.
458 719 492 776 a,
515 718 548 780 7.
573 720 605 768 a.
641 704 697 766 ubi
728 702 899 789 Thyniada
923 724 1046 767 eoram
1074 703 1189 767 finibne

134 809 300 872 admovet.

95 1014 99 1023 '
148 1016 152 1022 '
216 1009 371 1072 Graiae
395 1005 543 1091 urbes)
594 1008 688 1091 Quae
710 1005 771 1069 init
789 1008 962 1091 prudentie
981 1008 1188 1077 Graecorum.

135 1128 174 1175 ut
196 1114 253 1173 hae
275 1109 430 1194 anguillae
450 1110 587 1172 coloniis
602 1107 662 1172 iuria
678 1111 867 1180 irriderent,
903 1113 947 1170 ita
966 1126 1188 1193 comparantet

135 1213 194 1277 fibi
223 1211 356 1273 liberam
382 1213 621 1296 navigationem
648 1210 756 1274 verine
781 1225 940 1293 pontum.
979 1214 1076 1273 uncle
1103 1232 1188 1297 coge·

135 1313 253 1375 bantur
270 1327 376 1395 petere
395 1313 465 1375 luae
487 1328 570 1375 artae
591 1309 715 1396 regioni
734 1314 900 1385 alimenta,
926 1314 1108 1396 praecipue
1131 1312 1188 1376 fra·

34 1398 37 1405 ’
135 1429 245 1479 menta
260 1430 292 1476 et
310 1414 500 1476 salsamenta.
533 1433 557 1475 1.
577 1433 781 1477 ououovtve
797 1415 872 1477 MS.
927 1416 1101 1498 Expertus
1125 1415 1186 1477 lui>

134 1517 213 1578 inde
236 1516 280 1577 eil
303 1517 381 1578 haec
404 1517 574 1577 commoda
597 1517 781 1598 Xenophon
811 1518 844 1577 in
866 1516 976 1578 reditu
992 1537 1037 1579 ex
1055 1516 1184 1591 Perfida,

135 1620 223 1679 unde
243 1615 330 1698 saepe
351 1611 461 1693 πόλεις
479 1611 673 1703 Ἑλληνίδας
691 1633 936 1682 commemorat.
974 1617 1033 1682 cf.
1054 1621 1089 1692 6.
1106 1622 1139 1694 6,
1154 1635 1182 1682 a.

134 1718 255 1783 Contra
269 1716 301 1789 6,
319 1727 354 1795 4.
372 1719 416 1780 iu.

211 1922 242 1983 A
255 1917 274 1979 b
289 1941 310 2001 γ
324 1917 347 1979 d
361 1942 381 1981 u
398 1942 415 1980 s
423 1921 442 2001 )
493 1918 548 1982 Gr.
570 1912 712 1999 ’Ἄβυδος
734 1923 912 2005 penultima
939 1922 1064 2008 longa,
1097 1943 1178 2008 quere

135 2035 245 2084 tamen
267 2035 390 2102 praeter
409 2042 535 2084 morem
562 2026 693 2106 corripit
714 2025 831 2087 Avieu.
849 2026 883 2085 in
907 2027 1036 2109 perieg.
1055 2048 1089 2088 v.
1105 2025 1176 2106 693.

136 2125 264 2186 incolae
282 2118 452 2209 Ἀβυδηνοὶ
476 2126 573 2186 etiem
591 2126 626 2186 iu
640 2127 747 2188 numia
762 2138 795 2187 et
815 2126 988 2208 lapidibus.
1019 2111 1176 2211 (Murato

135 2225 204 2287 rius
218 2245 250 2307 p.
265 2242 370 2305 1019,
386 2222 439 2308 3.)
467 2226 647 2306 Antiquitas
663 2227 731 2288 eiua
744 2223 875 2288 discitur
888 2246 927 2288 ex
939 2227 1095 2292 Homero
1107 2230 1142 2292 il.
1151 2243 1176 2297 t,

96 2404 99 2411 ι
136 2337 222 2406 837.
267 2325 342 2389 Poll
374 2325 491 2387 Troica
518 2339 709 2396 tenuerunt,
747 2341 784 2388 ut
817 2328 874 2388 alia
909 2329 943 2388 in
971 2328 1041 2392 hoc
1074 2344 1177 2397 tractu.

134 2427 286 2495 Thraces,
312 2426 388 2488 inde
404 2425 531 2497 Milesii,
554 2428 688 2504 (Strabo
710 2443 762 2505 ¹3·
779 2449 812 2513 p.
822 2430 908 2507 406.
928 2427 948 2491 l.
967 2430 1083 2511 591.)
1110 2449 1178 2514 qne·

133 2548 209 2592 rum
227 2527 388 2590 coloniam
402 2525 522 2589 iaciunt
536 2530 652 2611 plures,
675 2532 718 2605 (T
722 2529 839 2610 hucyd.
858 2542 891 2608 8,
908 2532 970 2593 6ι.
999 2533 1178 2595 Athenaeus

139 2645 195 2699 ια,
216 2640 250 2704 5.
272 2647 305 2710 p.
322 2639 424 2706 524.
449 2629 591 2692 Enllath.
613 2631 652 2691 ad
676 2632 810 2694 Homer.
827 2651 853 2693 c.
875 2633 896 2691 1.
929 2636 1026 2695 etad
1048 2632 1177 2713 Dionyi

133 2751 168 2793 v.
188 2732 285 2806 513.)
319 2729 414 2810 idque
432 2729 524 2816 Gyge
543 2732 708 2810 Lydorum
729 2751 819 2816 rege.
852 2735 903 2792 cui
921 2746 988 2794 tota
1015 2736 1070 2796 illa
1095 2737 1178 2821 regio

134 2845 213 2893 tunc
233 2831 344 2913 paruit,
372 2832 569 2894 concedente
586 2831 715 2906 factum,
736 2832 840 2895 [cubit
853 2833 977 2896 Strabo.
1025 2837 1179 2900 Dielentit

95 2917 98 2923 ¹
133 2932 293 3010 Scymmu
311 2931 423 3002 Chius,
451 2933 508 3012 qui
529 2954 561 2996 v.
580 2950 665 3012 709·
696 2935 884 2997 Aeoliorum
909 2933 985 2996 facit
1009 2939 1178 3007 coloniam.

132 3052 213 3115 quoe
236 3045 320 3093 certe
342 3045 503 3114 tamquam
525 3032 692 3116 indigenae
706 3035 828 3097 Selium
846 3033 978 3096 tenuilie
1001 3035 1106 3100 refert
1121 3040 1178 3101 He·

131 3134 267 3196 rodotue
281 3151 315 3213 9,
338 3145 416 3211 ¹¹5·
469 3134 519 3195 De
542 3133 601 3193 situ
621 3133 708 3197 urbia
722 3135 760 3196 ad
784 3133 889 3196 faucee
910 3135 1130 3221 Propontidi·
1150 3156 1178 3202 et

130 3248 227 3319 portu
247 3235 420 3297 commodo
442 3234 581 3297 adeundi
601 3234 715 3298 Strabo
730 3254 757 3298 c.
773 3236 794 3297 l.
815 3249 849 3297 et
865 3235 1025 3314 Polybio·
1045 3243 1107 3314 16.
1123 3259 1176 3322 29.

131 3337 220 3399 unde
234 3327 355 3424 fauces
370 3333 540 3417 Abydeuae
561 3351 855 3400 commemorantur
870 3357 886 3397 a
904 3337 1042 3423 Virgilio
1060 3342 1175 3429 Georg.

137 3458 166 3508 ι,
187 3452 269 3511 207.
293 3432 338 3497 rui
363 3434 436 3499 κατ’
456 3428 601 3514 ’Ἄβυδον
623 3433 722 3501 orroei
747 3438 935 3501 aStrabone
958 3454 1017 3516 13.
1042 3465 1078 3526 p.
1093 3456 1174 3524 rior.

125 3520 154 3603 'L
171 3551 255 3617 533.
278 3552 310 3600 et
328 3538 436 3598 similia
451 3536 490 3598 ab
505 3540 585 3601 aliie.
618 3537 669 3603 cf.
689 3536 898 3621 Oudendorp.
916 3542 955 3602 ad
972 3541 1129 3608 Frontin.
1151 3567 1174 3615 ι,

128 3650 165 3721 4,
193 3653 247 3720 13.
299 3639 349 3700 Ab
377 3638 518 3720 obposua
542 3639 629 3703 Sello
655 3638 747 3701 brevi
773 3637 869 3722 spatio
903 3644 1049 3726 marique
1079 3646 1174 3709 dlviii
1214 3690 1218 3701 ·

129 3741 270 3810 distabat,
289 3754 309 3815 7
325 3760 442 3821 nempe
457 3740 636 3810 stadiorum,
654 3740 827 3824 (Herodot.
839 3757 871 3816 7,
889 3743 966 3825 54.)
982 3746 1041 3807 ubi
1056 3750 1173 3810 Xerxet
1212 3706 1221 3845 1

127 3856 231 3927 ponte
246 3840 490 3924 Hellespontum
512 3841 634 3912 iunxit,
664 3844 783 3925 dequo
799 3845 837 3905 ad
858 3861 890 3914 e,
908 3860 940 3916 a,
959 3859 995 3921 7.
1050 3850 1173 3912 Variam

124 3943 215 4005 urbia
236 3940 398 4004 fortunam
422 3959 607 4004 enarrarunt
631 3943 789 4025 Polybio·
813 3948 867 4017 16.
891 3963 938 4026 29
956 3945 1024 4031 [qq.
1062 3952 1172 4014 Lirim

128 4058 188 4123 δι,
209 4058 264 4118 17.
291 4041 478 4120 Straborg.
499 4063 532 4125 p.
551 4045 637 4125 49⁶·
655 4043 677 4107 l.
696 4059 782 4125 591.
833 4048 961 4110 Incolae
986 4052 1071 4114 olim
1095 4055 1172 4115 male
1218 4102 1221 4119 .

124 4144 297 4208 audiebant
338 4143 380 4206 ob
415 4140 680 4218 fraudulentiam,
724 4146 895 4212 calumniae
928 4164 961 4212 et
1000 4154 1169 4223 luxuriam.
