2634 4716
231 428 291 495 290
432 466 441 481 ,
498 412 664 473 ubere
704 411 1005 471 execerrcee

143 582 147 597 '
214 602 303 653 ‘rum
328 582 446 650 former
475 582 564 668 leepe
589 586 723 648 incertae
748 584 866 646 dedille
897 600 929 646 et
955 586 994 645 ad
1022 584 1194 649 libidinem
1221 603 1272 647 ex·

227 685 375 775 preffiiie.
410 688 505 751 Forte
519 702 552 749 et
570 688 633 751 hic.
669 688 840 771 Quidquid
856 688 909 755 ett.
930 688 1107 749 Bochertus
1122 708 1151 749 c.
1168 687 1191 750 l.
1215 706 1271 750 no·

85 812 88 819 '
190 842 197 863 .
227 813 305 857 men
321 811 360 877 ex
376 790 510 853 orientie
528 789 648 875 linguis
670 790 851 851 derivatum
869 790 1019 869 explicet,
1044 788 1125 849 villa
1141 787 1163 852 l.
1179 789 1272 867 appi.

221 887 304 956 ¹dum
323 896 359 955 iu
381 883 515 982 deserto.
567 892 638 953 Une
653 910 732 952 vero
753 886 815 951 fuit
836 891 984 960 urbium,
1012 911 1051 951 ex
1066 889 1187 970 quibus
1202 890 1272 951 Tri·

214 997 311 1081 'polis
326 992 497 1057 constabat.
529 990 581 1055 Ci.
592 992 700 1055 Ilidor.
712 991 802 1078 Orig.
818 1003 872 1071 14.
889 1005 922 1070 5.
942 1006 973 1053 et
988 1012 1026 1053 ex
1043 992 1273 1054 emendatione

225 1096 368 1161 Selmalii
383 1095 490 1159 Solin.
506 1114 573 1176 cop.
593 1092 681 1174 3ο.[.
695 1108 753 1169 17.
780 1096 862 1156 Vide
876 1094 955 1176 poli.
991 1094 1160 1155 Galonimn
1178 1106 1272 1155 vocet

194 1196 426 1267 'duronicum
449 1206 483 1257 et
495 1195 612 1260 Siculis
634 1194 805 1258 adscribere
822 1197 953 1256 videtur
968 1195 1024 1257 Sil.
1042 1196 1114 1256 ital.
1134 1209 1168 1275 5.
1188 1194 1276 1275 257.

162 1334 166 1343 ·
211 1302 317 1363 -Situe
339 1318 379 1360 ex
402 1298 509 1359 noilro
531 1298 733 1380 intelligitur.
794 1300 1014 1358 Antoniuma
1040 1296 1136 1377 Lepti
1157 1316 1273 1382 magne

105 1416 111 1435 ⁸
225 1413 375 1462 removet
392 1412 452 1479 93.
470 1399 519 1461 Μ.
534 1399 572 1462 Ρ.
595 1417 693 1481 equo
707 1418 819 1482 perum
837 1397 981 1462 dieientit
999 1398 1115 1461 tabule.
1155 1399 1201 1463 H.
1216 1418 1273 1483 pu·

225 1512 310 1565 tatur
334 1499 464 1585 Tripoli.

282 1732 285 1737 ·
306 1699 488 1787 Cinyps)
539 1702 667 1766 Graecia
686 1705 785 1785 etiem
813 1699 978 1785 Κίνυφος,
1005 1704 1092 1767 unde
1114 1694 1272 1788 Ῑίινῦφου

219 1797 312 1895 ’ὕδωρ
335 1805 529 1869 Νοη11111-.ἱ11
551 1804 685 1884 Dionys.
709 1819 763 1884 13,
790 1819 849 1882 31.
902 1808 998 1868 Plura
1025 1807 1161 1869 dedi-in·
1184 1810 1272 1871 notit

215 1910 356 1972 criticis.
402 1906 485 1970 lude
506 1925 584 1969 vero
608 1902 720 1988 pellim
739 1908 874 1969 finitima
895 1910 973 1979 loca.
998 1910 1124 1993 populi.
1147 1928 1199 1973 ree
1221 1940 1272 1959 -

214 2011 437 2093 -edpellantun
462 2022 499 2070 ut
515 2010 693 2109 Cinyphius
708 2002 822 2073 Maces
838 2010 909 2093 (Sil.
928 2012 1033 2073 tnta
1037 2008 1139 2094 .60.)
1161 2003 1273 2102 tonsor

214 2114 437 2192 .(Vlartralss‚
460 2112 617 2189 51.11.)
641 2110 898 2193 871111(8ὶά011.
925 2112 1096 2194 Apolliner.
1119 2128 1271 2185 11111111,

213 2217 333 2294 aad.)
356 2216 505 2303 aliaque
492 2234 528 2275 m
544 2212 669 2279 Lexicie
683 2225 802 2275 notate.
844 2212 919 2273 Fuit
937 2216 1035 2291 etiem
1057 2214 1134 2277 urbe
1151 2232 1271 2301 rogno-

224 2318 324 2382 minie
343 2316 477 2397 (Scylax
494 2335 528 2399 p.
551 2326 613 2393 47.
630 2310 727 2375 Hudi
725 2316 758 2391 .)
776 2327 808 2373 et
825 2316 924 2398 regio,
948 2318 1051 2393 (l'lin.
1068 2335 1096 2379 c.
1111 2316 1159 2395 i.)
1180 2316 1270 2397 unde

203 2420 340 2500 'Scylax
370 2414 494 2504 χωρίον
528 2407 633 2477 καλὸν
660 2429 754 2477 vocet
788 2414 1006 2480 consentiente
1040 2417 1212 2481 Herodoto
1235 2428 1270 2499 4.

213 2532 315 2600 .198.
342 2520 442 2579 ilinc
462 2536 519 2596 per
539 2514 696 2578 uberrima
707 2536 789 2577 arva
804 2515 948 2578 decidens
965 2536 1040 2580 vere
1055 2519 1270 2603 Pomponiae.

216 2621 333 2685 ‚Fluvii
357 2639 478 2681 nomen
495 2636 536 2679 ex
552 2619 676 2679 Punico
695 2616 850 2695 liinplml
869 2620 891 2681 i.
910 2640 941 2683 e.
964 2621 1069 2682 omnio
1082 2621 1269 2701 hystricum,

214 2725 356 2784 adiutor
378 2720 548 2782 Herodoto
570 2739 600 2789 1.
621 2737 702 2798 191.
725 2720 855 2780 deducit
875 2720 1051 2785 Bochartue
1066 2722 1271 2788 lucheman

214 2845 261 2895 .1‚
280 2834 337 2903 24.
375 2821 475 2907 Origo
492 2823 527 2881 in
542 2833 654 2883 monte
671 2821 863 2892 Zuchobaro
881 2823 1112 2901 (Ptolemaeue)
1136 2828 1171 2887 in
1188 2812 1271 2889 colle

225 2926 387 3014 χαρίτων.
424 2922 653 3009 (Herodotus.)
705 2922 748 2986 H.
778 2924 918 2984 creditur
948 2922 1084 2986 Wadi·
1104 2924 1269 3022 Quadam.

227 3028 300 3091 Vid.
324 3026 491 3088 d'Anville
513 3024 630 3109 Geogr.
654 3024 695 3087 T.
712 3037 744 3103 3.
767 3046 800 3107 p.
818 3040 877 3101 71.
903 3038 936 3087 et
956 3026 990 3087 in
1010 3028 1123 3109 primic
1142 3030 1178 3090 in
1201 3030 1271 3093 Me·

228 3131 347 3193 moires
366 3130 406 3191 de
428 3127 616 3190 l'ecedenrie
636 3125 692 3188 dee
714 3124 818 3188 inlcrr.
840 3128 880 3189 Τ.
898 3129 958 3194 26.
984 3129 1041 3191 ubi
1061 3129 1199 3195 studiose
1222 3134 1272 3197 in·

226 3234 324 3316 quirit
339 3229 461 3293 Africae
476 3229 637 3292 interiorie
653 3228 771 3291 flrrvioe
789 3248 823 3312 p.
840 3240 900 3307 78.

302 3454 324 3495 u
339 3430 358 3493 d
372 3455 387 3493 e
402 3453 419 3494 r
432 3452 449 3494 r
462 3432 517 3494 im
530 3430 577 3514 o)
628 3428 726 3517 Quod
758 3431 885 3516 egregie
912 3433 1061 3495 omnium
1083 3430 1271 3503 tetimonio

229 3536 366 3599 ostendit
392 3533 567 3596 Bochartue
589 3534 621 3595 in
649 3534 798 3596 Chamon
821 3554 849 3602 1.
871 3545 929 3613 24.
957 3555 1033 3595 cum
1058 3537 1135 3599 haec
1158 3540 1272 3603 etiem·

228 3659 308 3699 num
324 3638 444 3697 adnexa
466 3636 564 3697 essent
579 3636 727 3714 Byzacio.
751 3637 838 3716 quod
862 3636 966 3707 docet,
994 3637 1032 3698 lic
1048 3638 1130 3701 Afric
1144 3642 1271 3704 dictum

229 3738 337 3809 inille,
364 3753 400 3798 ut
418 3735 505 3799 italie
526 3758 643 3801 romeu.
681 3737 791 3821 Virgil.
809 3738 888 3799 den.
910 3757 938 3807 1,
958 3751 1041 3815 531.
1070 3739 1164 3803 Terra
1181 3744 1268 3807 anti·

228 3862 294 3926 qua
315 3851 426 3920 potens
448 3841 544 3900 armis
561 3852 656 3920 atque
672 3834 759 3900 ubere
778 3835 893 3919 glebae.
931 3857 954 3901 1.
978 3858 1171 3906 cnouovtve
1189 3844 1267 3910 M&

229 3943 302 4005 i'id.
321 3961 465 4023 proxime
482 3954 572 4001 antea
589 3954 621 4003 et
636 3942 709 4004 ad
696 3950 828 4019 1‚‚.42
880 3940 1056 4004 Transieni
1075 3944 1140 4007 huc
1159 3947 1269 4029 inpri-

217 4045 291 4121 ‚mie
314 4041 416 4125 potest
439 4041 530 4104 locue
557 4041 668 4103 Ovidii
694 4062 733 4105 ex
758 4040 922 4114 Pontoo,
948 4056 980 4120 7,
1006 4056 1064 4122 25.
1089 4046 1271 4130 Cinyphiae

220 4138 343 4239 figeris
365 4143 462 4208 citius
483 4140 732 4207 numerabirt
681 4141 810 4240 erstas.
850 4146 904 4212 Sic
920 4144 1036 4227 Polyb.
1053 4160 1087 4227 3,
1111 4162 1171 4230 13.
1197 4146 1270 4241 dpe-
