2634 4716
211 456 264 514 m
291 416 427 525 roua.
458 452 563 514 nat.
602 453 640 512 1.
660 454 684 513 r.
724 450 830 514 ent
872 451 951 527 §.n
1037 462 1098 528 253

228 627 257 707 §.
289 644 320 690 2.
373 648 420 688 err
450 615 862 816 ἆψνὲίιιρνίεὰο)
911 627 1101 711 ltaprimut

61 731 211 791 omnium
233 730 315 790 dixit
335 730 517 799 Herodotus
538 729 594 790 lib.
616 747 646 792 a.
695 748 760 813 cap.
779 723 860 817 54]
887 748 984 812 quem
1003 731 1099 793 Pom·

60 831 183 914 poniua
205 828 260 891 hio
282 845 314 892 et
336 827 415 891 inira
434 841 465 911 3.
482 846 516 912 9.
542 831 690 913 seqnitur.
741 831 802 895 snt
829 848 866 893 ea
886 832 998 914 opinio
1020 833 1100 893 Dio·

61 931 144 993 doro
159 931 266 993 Siculo
289 925 345 1019 [a.
363 925 442 1017 57.]
465 952 530 993 non
551 935 664 1015 placer.
699 948 912 995 crncconrva.
965 935 1012 995 lta
1030 926 1101 995 irtio

60 1047 153 1094 caute
169 1032 309 1115 loquitur
324 1034 461 1104 Auctor.
493 1053 590 1117 quum
613 1029 721 1118 ignota
739 1032 864 1117 proriae
880 1033 935 1096 lllo
951 1047 1099 1118 ternpore

59 1133 161 1195 client
179 1134 257 1205 loca,
281 1155 361 1216 quae
380 1133 580 1220 scaturigines
598 1135 663 1196 Nili
680 1137 900 1207 continerent.
925 1155 1014 1197 nunc
1029 1133 1101 1199 faria
1124 1192 1127 1199 ,

59 1236 188 1320 cognita
204 1239 236 1297 in
250 1237 434 1322 regionibus
443 1225 679 1318 Abyffinorum,
696 1233 759 1324 [ita
775 1232 901 1299 Voffiue
914 1236 954 1298 de
971 1234 1101 1297 Nili-

62 1338 190 1421 origine
207 1356 274 1420 rap.
298 1339 351 1404 ιδ.
372 1340 411 1400 de
428 1328 603 1421 praecipuis
618 1339 748 1420 quidem
768 1337 836 1401 elue
852 1333 1020 1427 fmrtibur]
1046 1335 1101 1399 lerl

62 1438 202 1519 antiquie
223 1439 266 1501 ira
287 1442 447 1525 ignorata,
481 1454 518 1499 ut
541 1441 581 1501 rie
602 1459 686 1502 rano
709 1438 816 1501 labore
837 1437 993 1502 dixerint:
1029 1435 1103 1502 Nili

54 1529 175 1703 {an
206 1560 369 1624 quaerum
415 1554 447 1602 et
480 1540 619 1603 Ovidiue
649 1554 830 1624 opportune
861 1541 955 1626 lingit
983 1536 1040 1605 ltb.
1066 1555 1101 1606 Ω.

103 1653 199 1734 etam.
222 1637 276 1730 [v.
294 1634 399 1728 255]
426 1637 538 1703 Nilum
556 1640 725 1705 occuluisse
742 1655 854 1724 eaput,
884 1640 971 1724 quod
993 1640 1100 1705 adhue

60 1741 150 1804 latet.
192 1763 216 1807 1.
240 1757 436 1805 oaonovnra
460 1742 535 1806 MS.
586 1744 699 1830 Agitur
723 1740 778 1805 hle
801 1744 938 1825 quaestio
964 1743 1004 1805 de
1029 1741 1101 1805 Nili

59 1840 216 1906 fontibur.
268 1844 452 1908 Herodotus
471 1861 502 1916 a,
527 1857 581 1924 23.
606 1845 766 1915 adfirmat,
794 1843 822 1906 le
838 1865 893 1908 eoa
911 1863 951 1906 ex
967 1847 1100 1908 nemine
1139 1858 1142 1862 '

62 1945 118 2006 vel
140 1945 390 2030 Aegyptiorum,
416 1946 469 2008 rel
487 1940 654 2016 Alterum,
688 1946 741 2008 vel
766 1946 958 2008 Graecorum
983 1943 1101 2009 diluere

62 2046 212 2131 potuille.
263 2047 372 2109 Unum
388 2060 512 2109 tantum
527 2041 777 2136 γραμματιστὴν
801 2047 866 2111 τῶν
888 2046 978 2133 lapriu
1000 2067 1104 2136 ‘ypep-

61 2141 180 2241 μάτων
211 2146 269 2234 τῆς
296 2142 468 2236 Ἀθηναίης
499 2166 611 2210 eorum
639 2126 800 2209 leien'rlam
832 2146 1003 2230 proleilum
1028 2147 1100 2220 elle.

63 2269 185 2333 nempe
206 2248 241 2311 in
255 2250 364 2312 medio
388 2251 526 2312 duorum
543 2250 705 2311 montium
728 2250 813 2308 inter
827 2251 955 2330 Syenen
976 2259 1009 2310 et
1029 2247 1102 2312 Ele·

61 2352 254 2436 phantinen.
271 2351 391 2434 Crophi
406 2370 525 2413 nornen
540 2354 608 2417 uni.
625 2350 714 2411 alteri
725 2347 851 2434 Mopht
869 2368 910 2418 eu
927 2347 1102 2413 immensae

35 2450 39 2459 '
63 2450 294 2536 profunditatis
308 2450 414 2532 ab'yllo
432 2470 505 2514 eum
526 2451 694 2534 profluere.
749 2450 904 2537 Explodlt
918 2449 949 2511 iri
961 2452 1102 2513 omnino

63 2554 179 2618 Strabo
192 2569 253 2631 17.
276 2575 308 2637 p.
323 2555 406 2634 565.
430 2552 450 2616 l.
474 2566 559 2633 819.
583 2553 770 2639 diligentiae
791 2551 924 2625 refutat,
958 2553 1013 2634 qui
1036 2552 1103 2636 ipse

62 2655 279 2738 inquifirerat‚
302 2656 449 2718 Aristides
466 2657 499 2716 iu
516 2667 594 2719 orat.
610 2655 745 2739 Aegypt.
762 2655 802 2717 Τ.
821 2670 853 2717 a.
867 2673 899 2737 p.
912 2664 996 2734 345.
1011 2651 1106 2727 lebb.

67 2759 136 2845 Qui
155 2757 243 2820 enim
258 2758 304 2818 ibi
323 2756 381 2818 lint
398 2756 503 2819 louree
522 2757 605 2826 cluo,
631 2776 695 2818 nnn
711 2754 771 2818 ell'e
784 2757 884 2818 totiua
906 2756 1014 2827 llurli,
1041 2773 1103 2817 neo

67 2862 235 2941 antiquos,
269 2857 320 2921 led
339 2860 376 2920 ad
394 2862 559 2921 interiores
574 2859 711 2942 Aegpyti
725 2870 826 2940 parter
841 2861 1001 2940 pertinere
1016 2855 1104 2919 etad

67 2961 229 3046 augendae
244 2960 315 3022 Nili
337 2980 439 3043 aquae.
490 2959 539 3021 Ab
553 2958 740 3041 Aethiopiae
760 2958 926 3021 montibus
947 2959 1044 3020 ordiri
1060 2959 1107 3019 ait

68 3063 185 3124 Strabo
206 3076 260 3138 17.
283 3083 315 3144 p.
334 3071 416 3149 543.
437 3057 456 3123 l.
477 3077 561 3141 739.
600 3058 724 3122 Plinius
748 3072 781 3137 5,
807 3078 862 3125 ro.
886 3061 1013 3133 incertia
1037 3058 1106 3140 qui·

66 3166 142 3226 dem
159 3184 232 3226 eum
248 3162 392 3227 fontibus
408 3161 483 3223 oriri
502 3164 643 3245 primum
659 3161 781 3233 scribit,
808 3162 941 3230 deinde,
967 3161 1016 3220 uti
1036 3159 1106 3241 qul·

68 3267 146 3329 derra
180 3266 256 3328 lube
287 3285 342 3325 rex
373 3267 515 3349 potuerit
540 3262 720 3345 exquirere,
758 3263 915 3347 originem
943 3262 1037 3343 ponit
1068 3262 1105 3321 iu

67 3380 182 3431 moute
203 3364 362 3430 inferioria
386 3366 599 3427 Mauretaniae
620 3384 701 3447 non.
714 3361 825 3446 procul
850 3361 996 3432 Oceano,
1035 3362 1106 3424 laco

64 3471 214 3552 protinus
236 3470 412 3554 stagnante,
443 3487 538 3550 quem
563 3479 680 3528 vocent
700 3464 851 3526 Nilidem.
902 3463 945 3526 Et
967 3464 1020 3534 fic,
1047 3463 1104 3546 qui

68 3591 145 3633 eum
160 3568 333 3653 lequuntur
347 3570 479 3632 Soliuue
496 3586 523 3631 c.
539 3579 597 3646 32.
614 3564 636 3630 l.
656 3577 713 3646 55.
740 3580 773 3629 et
789 3565 962 3629 Martianus
976 3565 1104 3648 Capella

67 3672 125 3734 lib.
144 3673 178 3736 6.
199 3693 231 3754 p.
250 3684 331 3750 arg.
362 3671 418 3732 nbi
435 3671 534 3753 vulgo
550 3667 690 3730 Hilidem
710 3667 841 3753 legunt3
876 3667 982 3729 Groril
1003 3668 1106 3728 codex

67 3773 222 3837 Nilidem.
274 3775 365 3835 lriern
389 3791 465 3833 vero
489 3770 567 3832 luba
590 3783 735 3839 auctore,
768 3770 874 3831 etalii
896 3769 1104 3851 reperierunt.

25 3932 27 3937 .
65 3894 149 3959 quoe
165 3876 204 3949 orl
219 3873 360 3936 Plinium
373 3874 522 3957 producit
537 3871 731 3934 Harduinue.
759 3871 798 3931 ln
812 3872 983 3955 Pygmaeie
999 3882 1106 3930 tamen

66 3979 192 4061 aliquot
211 3975 381 4061 prodidille
403 3986 507 4036 narrat
522 3969 647 4034 Plinius
662 3974 695 4043 6,
712 3987 771 4050 39.
789 3964 809 4033 s.
830 3986 889 4048 30.
940 3971 1105 4041 lta.certe,

65 4098 165 4163 quem
185 4076 313 4142 forsitan
331 4079 455 4145 innuit,
487 4073 665 4136 Aristotelea
683 4072 718 4133 in
742 4070 821 4134 nist.
836 4074 897 4136 An.
913 4084 945 4150 3,
967 4090 1022 4137 ra.
1050 4073 1105 4154 qni

66 4192 177 4245 tamen
192 4171 229 4243 ln
244 4178 415 4243 Meteorol.
432 4198 461 4248 r.
485 4188 538 4257 ιε.
563 4194 639 4237 eum
655 4193 695 4238 ex
706 4174 866 4258 Argenteo
879 4172 995 4238 Monte
1009 4177 1107 4256 perir;
