2634 4716
131 371 198 444 aar.
399 364 566 428 norlr
607 364 914 425 rxucrrrctz
1035 380 1041 403 ε

129 560 312 625 nunquam
338 537 549 605 invenerunt.
611 540 677 603 Sed
700 541 767 602 hoc
800 552 983 622 potuerunt
1008 516 1188 605 asiinnare

142 640 191 708 ibi
213 663 271 727 per
294 645 404 728 plures
428 634 499 705 dies
520 643 553 705 se
574 639 715 726 potuisse
743 638 918 725 progredi,
952 661 1030 703 cum
1052 641 1107 701 vel
1128 659 1189 723 per

142 741 393 817 Mauritaniam,
418 745 473 807 vel
488 765 548 828 per
563 741 773 827 Carthaginis
792 739 982 826 imperium,
1006 738 1078 812 ubi,
1101 738 1191 803 inter

143 867 286 935 parvum
307 862 437 932 tempus
457 842 645 909 incidentes
661 839 697 907 in
715 864 830 931 arenae
849 864 888 907 ac
908 842 1034 906 deserta
1054 858 1087 905 et
1110 839 1195 905 seria

144 945 266 1016 belluis
286 949 435 1033 pollelsa,
461 945 647 1037 nequibant
661 944 699 1012 in
715 963 845 1012 tantum
861 940 1028 1032 progredi.
1063 964 1088 1009 r.
1108 965 1192 1009 oro-

30 1072 33 1079 ·
145 1068 277 1115 novrve
299 1050 378 1116 MS.

224 1219 362 1304 thue
393 1221 487 1285 inde
518 1220 740 1304 procedit)
792 1219 884 1285 Solet
913 1220 1021 1292 Mela,
1055 1217 1194 1304 quando

73 1357 75 1361 ν
140 1341 339 1405 magnarum
356 1322 445 1386 orbis
459 1322 605 1408 partium
622 1319 880 1408 descriptionem
896 1321 1084 1407 generalem
1100 1338 1194 1404 prae·

142 1420 260 1496 mittit,
275 1424 399 1486 nonde
415 1423 569 1489 litoribus
585 1446 701 1489 eorum
716 1439 857 1498 tantum,
874 1424 928 1486 sed
943 1424 984 1485 de
995 1437 1065 1486 tota
1077 1442 1195 1484 earum

144 1522 331 1608 superficie,
358 1542 481 1613 quanta
501 1543 624 1614 quanta
640 1527 683 1590 eli
698 1524 804 1612 loqui,
833 1543 875 1598 et,
902 1523 939 1587 in
955 1546 1056 1611 quam
1071 1517 1196 1585 mundi

143 1626 277 1711 plagam
298 1644 489 1711 procurrat.
525 1627 647 1714 quibua
671 1651 711 1695 ex
731 1624 887 1692 litoribus
910 1623 1015 1688 maria
1039 1621 1197 1709 recipiat,

144 1740 182 1788 et
212 1725 275 1789 alia
310 1726 412 1801 huius
441 1727 573 1813 generis
602 1747 773 1794 annotare.
835 1731 909 1792 Hoc
940 1727 1060 1789 eodem
1089 1726 1196 1794 modo

146 1823 206 1889 lib.
228 1850 258 1889 1.
276 1849 305 1891 c.
326 1848 356 1892 a.
376 1827 413 1892 in
427 1829 523 1894 brevi
537 1832 628 1895 Asiae
645 1827 880 1915 descriptione,
904 1827 1076 1914 postquam
1089 1830 1199 1891 Asiam

145 1924 278 2010 ingenti
296 1950 335 1992 ac
356 1947 516 2015 perpetua
531 1932 639 1995 itonte
656 1933 698 1993 ad
720 1928 884 1994 orientem
907 1929 1034 1991 versam
1055 1925 1198 2002 dixerat,

64 2014 88 2049 ¹*
118 2012 126 2017 ”
149 2025 262 2114 pergit
283 2031 342 2092 fic:
370 2030 461 2092 Indo
470 2053 542 2103 cnm
562 2032 766 2116 aliquatenus
775 2024 888 2124 solida
905 2024 1061 2121 proceffit,
1085 2032 1199 2112 recipit

148 2150 192 2193 cx
218 2152 335 2192 oceano
359 2132 474 2195 Indico
496 2131 678 2198 Arabicum.
730 2133 836 2194 Verba
867 2128 971 2214 igitur
1000 2143 1097 2216 utque
1122 2131 1198 2193 inde

100 2309 101 2315 ἵ
148 2217 295 2316 procedit
319 2228 422 2296 totiua
444 2231 575 2298 Africae
590 2232 670 2298 inde
686 2255 705 2296 a
719 2231 798 2296 Nilo
821 2232 864 2295 ad
886 2232 1039 2297 occasum
1059 2251 1201 2315 procur,

147 2328 286 2398 rentem
308 2331 514 2419 superficiem
546 2336 723 2408 denotant,
759 2331 795 2399 in
825 2355 891 2423 qna
918 2331 1029 2397 media
1055 2354 1198 2418 magnoe

148 2433 259 2497 attolli
274 2433 513 2512 dici-tmontea,
540 2458 623 2524 quoe
642 2434 763 2499 deinde
780 2428 816 2496 in
837 2432 917 2522 iuga
937 2432 1136 2500 coniunctos
1153 2435 1200 2498 ad

4 2549 11 2570 ·
120 2536 305 2603 ‘bccasum
324 2557 531 2622 procurrere.
565 2538 847 2604 muretenses.
881 2626 885 2646 θ

232 2728 263 2768 m
278 2704 333 2768 ad
346 2705 418 2790 ia)
466 2704 633 2771 vadianus
661 2707 704 2771 ad
732 2703 912 2778 Numidiae
938 2705 1020 2794 fines
1045 2707 1201 2796 duosque

152 2804 339 2870 Ptolemaei
353 2809 499 2875 Atlantes
515 2805 551 2870 in
571 2806 688 2894 primia
708 2806 820 2871 refert.
870 2810 921 2871 De
937 2807 1097 2871 Numidia
1119 2829 1201 2873 con·

151 2905 254 2971 Ientit
277 2908 465 2983 olivarius,
497 2906 556 2995 qui
580 2925 691 2972 tamen
716 2908 809 2975 addit
832 2907 911 2974 inde
937 2931 954 2972 a
977 2910 1201 2976 Catabathmo

126 3022 262 3095 ‘utque
284 3010 326 3074 ad
346 3012 470 3075 fretum
492 3007 638 3075 Africam
662 3010 787 3095 semper
802 3012 983 3096 exsurgere.
1033 3015 1077 3074 Et
1100 3015 1142 3076 sic
1158 3034 1201 3078 ex

152 3110 328 3176 Herodoto
346 3123 383 3193 4,
412 3125 492 3191 181.
518 3112 617 3175 docet
646 3109 848 3179 ciacconius
872 3132 941 3177 non
967 3113 1008 3175 ad
1031 3115 1201 3176 Maureta·

20 3287 27 3297 .
150 3210 248 3276 niam
271 3231 400 3276 tantum
422 3210 557 3286 adtolli,
586 3213 638 3277 sed
657 3236 716 3298 per
737 3212 884 3277 mediam
901 3213 1031 3279 Africae
1053 3212 1218 3299 longima-

149 3312 271 3383 dinem
288 3317 328 3378 ab
342 3317 488 3400 Aegypto
506 3315 548 3376 a'd
566 3315 718 3381 Herculia
739 3320 910 3382 columnas
931 3315 1098 3380 montium
1123 3317 1202 3379 dor-

52 3410 64 3421 ”
155 3415 228 3479 sum
252 3437 437 3481 excurrere.
485 3419 578 3480 Bene
599 3415 702 3502 igitur
717 3419 824 3482 noster
845 3422 921 3502 iuga
940 3416 1040 3492 dicit,
1067 3435 1100 3482 et
1121 3435 1200 3503 apte

157 3515 312 3602 adiungit
329 3510 490 3610 exsurgit,
523 3534 562 3583 ut
581 3524 699 3604 planae
722 3525 878 3608 obponat.
932 3522 1063 3602 Surgere
1084 3536 1199 3587 autem

154 3618 295 3684 omnino
316 3621 483 3702 eleganter
502 3621 543 3684 de
558 3622 745 3699 montibus,
770 3621 820 3686 nti
837 3624 926 3709 apud
943 3619 1042 3687 ovid.
1059 3623 1197 3687 Metam.

160 3744 192 3796 r,
216 3733 278 3805 44.
311 3718 468 3783 Tacitum
488 3723 603 3786 Annal.
627 3749 656 3799 r,
685 3726 742 3808 64.
774 3724 905 3809 (iuga.)
958 3721 1013 3787 Sic
1036 3723 1143 3785 noster
1160 3739 1197 3801 3,-

73 3880 76 3888 .
158 3842 218 3899 ro,
242 3847 272 3888 ι.
313 3819 440 3886 Similia
457 3825 549 3890 locus
571 3826 672 3892 exstat
687 3847 719 3900 a,
735 3839 769 3908 4.
787 3825 832 3889 in.
861 3824 919 3889 ubi
942 3824 1051 3912 posuit
1067 3826 1197 3893 adtolli.

229 3992 435 4077 incuruo)
483 3998 505 4060 Ι,
528 4017 556 4061 e.
575 4000 685 4062 nullor
703 3994 782 4062 facit
800 4000 901 4068 finus,
924 3994 984 4060 nin
1004 3998 1097 4057 voles
1121 3997 1196 4075 Syr·

153 4110 204 4161 ter
229 4098 394 4183 appellare
418 4099 514 4165 finus.
550 4117 745 4166 ocrvrnrvr.
807 4103 882 4164 Hoc
905 4099 966 4172 est.
998 4095 1035 4161 in
1055 4098 1199 4165 modum
