2634 4716
221 342 283 430 176
489 355 651 420 Norae
691 355 999 433 exoonrrctn

218 553 286 619 quo
307 544 341 594 et
361 529 448 594 redit
469 532 641 615 explicatio
657 529 808 592 Bocharti
825 530 860 591 in
877 529 981 593 Chan.
1007 549 1035 601 ι,
1064 538 1123 611 ι4,
1163 520 1271 624 Byrsa

218 656 240 701 a
261 634 349 697 corio
369 631 505 697 dialecto
522 652 645 695 nomen
668 633 780 703 traxit,
806 651 871 714 quo
893 652 962 694 area
980 631 1068 695 urbia
1082 632 1174 696 lirata
1195 632 1271 704 luit.

221 748 260 800 ut
276 749 404 799 narrant
420 735 531 798 lustin.
551 745 607 812 ιθ,
624 746 657 811 5.
677 735 804 815 aliique.
858 734 930 796 Vid.
946 732 1122 798 Bochartue
1139 754 1168 798 c.
1187 734 1209 799 l.
1236 748 1271 799 et

222 856 304 921 quoe
319 836 425 899 laudat
443 835 578 901 Menlel.
594 838 628 897 in
645 833 723 899 bibl.
738 835 884 900 hillorica
901 836 971 898 Vol.
989 849 1022 915 3.
1036 835 1074 901 Ρ.
1088 855 1118 901 ι.
1136 858 1170 920 p.
1188 850 1269 911 ¹⁰7·

220 939 334 1004 Pinart
347 953 380 1000 et
398 936 633 1027 Valckenariue.
671 938 720 999 lta
736 956 814 999 vero
831 937 1031 1023 Carthaginis
1044 957 1099 1000 arx
1116 939 1202 1001 dicta
1217 938 1270 1010 eit.

221 1042 342 1122 reliqua
359 1058 429 1122 pare
444 1039 595 1119 Megara.
647 1036 698 1100 cf.
719 1038 869 1101 Bochart.
886 1058 911 1103 c.
930 1039 952 1103 l.
974 1052 1008 1102 et
1023 1059 1103 1123 quae
1121 1040 1270 1125 congelle

221 1140 297 1207 lunt
317 1140 356 1202 ad
371 1139 479 1202 hillor.
500 1139 645 1205 catholic.
661 1141 792 1226 Anglor.
811 1140 881 1203 Vol.
901 1153 955 1219 15.
976 1161 1009 1223 p.
1033 1159 1102 1222 ¹90
1119 1140 1186 1225 sqq.
1222 1143 1271 1205 ln·

223 1244 295 1307 cola
327 1240 384 1304 Gr.
422 1235 666 1328 Καρχηδόνιος,
716 1241 784 1305 Lat.
824 1238 1121 1334 'Carthaginienfis,
1157 1239 1270 1327 pallito

222 1346 321 1408 etiam
361 1340 644 1434 Carthaginenses.
691 1340 800 1426 prilcla
837 1338 1092 1434 Cortocinerfsm
1127 1343 1172 1409 de
1188 1336 1271 1429 'quo

222 1446 348 1508 «lictum
364 1443 435 1507 Vol.
456 1463 484 1507 ι.
503 1445 542 1505 ad
563 1463 595 1530 5,
613 1463 648 1524 9,
666 1458 699 1525 5.
747 1445 870 1507 Latinis
888 1442 977 1526 laepe
997 1446 1095 1508 etiam
1117 1448 1270 1509 dicontur

141 1586 150 1605 .
222 1547 344 1617 Poeni.
380 1558 418 1607 nt
440 1538 553 1609 Horati
583 1544 809 1629 posterioribus
833 1545 971 1609 Graecia.
1038 1549 1089 1611 De
1110 1548 1272 1635 magnitu-

225 1648 313 1718 dine,
338 1647 522 1720 celebritate
537 1648 624 1710 urbIe
640 1660 674 1710 et
689 1648 815 1708 excidio
834 1648 942 1710 omnia
956 1660 1033 1709 nota
1050 1646 1132 1714 lunt.
1164 1651 1271 1715 Situm

222 1750 295 1813 ciue
316 1744 437 1810 curiose
465 1748 498 1808 in
521 1750 634 1830 primia
663 1748 869 1833 investigavit
891 1749 986 1814 Shaw
1008 1751 1050 1815 T.
1076 1771 1105 1814 ι.
1131 1772 1165 1837 p.
1189 1760 1269 1833 174.

163 1846 168 1856 '
222 1851 280 1933 qni
300 1851 386 1911 illam
406 1852 575 1932 regionem
591 1849 761 1935 diligenter
778 1849 1028 1932 perlustraverat.
1079 1850 1185 1917 Pence
1204 1854 1273 1917 eirte

223 1950 356 2035 velllgia
376 1953 508 2032 reperiri
529 1951 593 2013 iam
616 1952 695 2015 olim
717 1951 844 2013 notavit
866 1952 933 2015 Leo
956 1949 1096 2019 African.
1115 1954 1153 2017 in
1173 1954 1269 2020 detor.

224 2049 349 2119 Africae
364 2064 399 2128 5.
414 2066 474 2129 57.
526 2053 656 2115 Partem
670 2054 741 2115 eine
761 2052 861 2116 hodie
878 2050 935 2115 lub
956 2056 1036 2116 mari
1057 2055 1156 2120 latero
1176 2058 1271 2121 maxi·

224 2172 280 2217 me
303 2153 464 2217 borealem
494 2169 599 2217 narrat
620 2152 725 2218 Bruce
747 2155 783 2216 in
803 2155 923 2218 introii.
946 2156 986 2217 ad
1006 2158 1066 2219 iter
1086 2176 1119 2240 p.
1143 2176 1190 2221 m.
1216 2176 1271 2223 ao.

223 2255 316 2319 Vidit
328 2270 435 2318 tamen
445 2254 541 2318 Shaw
551 2257 715 2319 luculenta
731 2256 861 2343 vestigia
877 2277 975 2338 aquae
983 2258 1109 2331 ductue.
1126 2260 1271 2344 lapidum

226 2359 413 2443 congeriem
438 2358 577 2440 aliaeque
602 2359 709 2421 ruinae
735 2359 810 2420 inde
836 2377 854 2420 a
879 2358 1028 2423 Goelette
1053 2360 1094 2424 ad
1117 2362 1275 2436 Gomert3

204 2538 207 2545 Ι
225 2458 285 2521 alia
310 2461 343 2519 in
364 2476 456 2543 agros
477 2456 646 2545 frugiferoe
665 2460 847 2522 transierant
867 2459 921 2522 rel
944 2460 1074 2541 palcna.
1107 2464 1159 2527 trti
1174 2464 1276 2530 devo·

224 2573 315 2622 verat
347 2560 427 2619 olim
456 2559 563 2643 Scipio
588 2574 717 2624 auctore
743 2562 889 2643 Appiano
918 2561 960 2623 de
987 2563 1028 2627 B.
1052 2561 1129 2629 ctv.
1157 2585 1187 2638 ι,
1215 2576 1287 2649 24.

224 2661 284 2723 alia
298 2662 388 2746 pagie
402 2672 491 2720 erant
511 2660 704 2735 constructa3
730 2661 836 2723 locum
853 2677 961 2725 autem
977 2664 1092 2746 iplum,
1115 2665 1176 2729 ubi
1195 2668 1303 2733 otim

226 2762 328 2832 stetit.
355 2761 492 2842 adpellat
507 2754 691 2853 iil-Mersa
708 2781 808 2845 prope
826 2763 1009 2828 Salia-roh.
1045 2766 1155 2851 Prope
1168 2770 1285 2832 Tun'-

226 2864 323 2947 ponit
348 2862 457 2924 Poiret
487 2880 610 2949 voyage
637 2880 679 2925 en
702 2863 868 2935 Barbarie.
900 2867 934 2927 in
960 2865 1059 2948 praei.
1079 2890 1112 2952 p.
1147 2890 1205 2935 ro.
1243 2892 1261 2934 e
1304 2891 1317 2900 “

225 2967 337 3027 tenuia
363 2962 493 3049 relligia
521 2967 671 3046 antiquae
699 2964 787 3028 urbia
815 2964 955 3048 conspici
982 2969 1140 3036 adfirmat.
1191 2975 1244 3037 An
1286 3004 1317 3014 Δ

225 3066 348 3131 Punica
375 3065 457 3128 bella
478 3063 534 3127 sub
557 3065 610 3128 lua
631 3066 756 3129 ditione
780 3065 921 3129 habuille
950 3081 1020 3148 3⁰⁰
1046 3072 1142 3136 arbee
1170 3094 1264 3138 narra

226 3169 340 3232 Strabo
361 3190 389 3233 c.
412 3168 435 3231 l.
484 3170 551 3252 Qui
574 3169 614 3230 de
639 3168 835 3253 Carthagine
863 3167 1049 3253 lcripleruot
1074 3172 1237 3258 persequit

227 3269 362 3332 Meuset.
386 3273 420 3331 in
445 3269 638 3333 bibliotheca
656 3270 762 3334 histor.
783 3269 853 3332 Vol.
879 3284 912 3349 5.
939 3270 976 3335 P.
1002 3291 1035 3336 t.
1062 3296 1095 3360 p.
1122 3291 1196 3359 105
1212 3277 1264 3363 [qq

228 3371 286 3433 athi
309 3386 416 3435 nmen
438 3387 524 3435 recte
544 3372 619 3434 addi
639 3371 742 3456 potest
762 3370 1012 3455 campomanea.

295 3565 406 3666 foto
435 3572 643 3657 Catonis)
692 3570 818 3645 Morte,
841 3596 937 3657 quam
955 3574 1011 3638 libi
1035 3577 1252 3661 ipleintuliel

229 3675 314 3739 bello
339 3678 428 3739 cirili
453 3697 495 3739 ne
518 3678 553 3738 in
576 3674 715 3739 Caesarie
739 3696 853 3738 manus
875 3678 1041 3743 incideret.
1093 3684 1211 3748 llicttaa
1233 3706 1253 3749 e

234 3770 407 3869 Uticenfis,
441 3779 529 3860 quod
554 3797 737 3865 cognomen
763 3776 802 3838 ab
828 3779 878 3840 illa
905 3778 984 3839 urbe
1014 3800 1090 3843 eunt
1114 3786 1286 3871 accepilie'

229 3877 346 3944 diserte
367 3880 614 3960 notatDi043,
636 3900 690 3943 ιι.
720 3880 886 3941 veletiam
901 3883 1015 3944 minor.
1068 3885 1152 3950 Eine
1174 3891 1223 3951 vit
1250 3915 1285 3942 m
1312 3909 1317 3920 ι

229 3981 389 4064 descripsit
410 3981 607 4045 Plutarchne.
647 3984 699 4044 De
722 3981 902 4044 Catonihne
923 3998 1032 4045 autern
1054 3990 1194 4055 omnino
1215 3990 1306 4054 dis*

231 4077 303 4145 ierit
327 4083 450 4148 Galliae
476 4096 531 4166 ιε,
561 4101 618 4166 ι9.
670 4082 751 4149 Eiur
783 4095 927 4149 mortem
943 4086 1145 4175 'praedicarat
1167 4088 1283 4161 multi.
