2634 4716
226 356 322 447 coo·
499 384 662 445 ηοω
701 383 1002 445 uxuourrcen

305 557 533 641 incultius)
582 561 634 623 Sic
646 559 853 642 Sallust..1ug.
868 576 896 620 c.
920 573 976 636 ¹9·
994 552 1014 618 l.
1035 566 1092 635 ¹5.
1112 542 1277 655 ‘qo'etr'rloc

199 706 203 717 ·
230 664 409 741 accepimus
427 662 547 741 purtim
569 662 603 722 in
626 661 778 741 tuguriis,
809 659 889 720 alios
905 657 1055 720 incultius
1074 679 1181 739 uagos
1203 660 1278 741 ogi-

228 776 319 835 tare,·
349 777 382 824 et
406 781 433 826 c.
450 774 509 842 89.
528 761 549 825 l.
569 775 628 846 83.
652 750 779 852 Africa,
806 780 887 843 quoe
906 758 1016 843 procul
1033 778 1055 819 o
1071 761 1157 821 mori
1175 759 1276 855 incul-

208 878 211 883 ’
228 866 294 927 tius
316 861 443 944 ugelct.
480 864 534 927 Sic
547 865 634 926 idem
648 883 676 926 c.
696 872 752 941 ιε.
770 875 803 941 5.
815 861 837 924 i.
852 869 906 940 ¹4·
926 860 1070 942 proximu
1087 862 1275 930 confirmat:

176 1040 186 1057 .
227 966 316 1046 uugi,
338 964 496 1043 palantes,
520 986 586 1050 qua
605 985 671 1027 nox
691 974 846 1044 coegerat,
866 952 959 1053 sedes
974 959 1146 1024 halebout.
1200 962 1276 1024 Post

228 1067 269 1128 de
301 1065 503 1130 Nomadibuc
527 1065 639 1130 Strabo
660 1082 694 1142 7.
726 1086 759 1151 p.
785 1080 870 1128 cn.
893 1061 914 1127 l.
939 1077 1024 1144 307.
1049 1058 1274 1130 intentato

228 1165 301 1244 ταῖς
323 1164 445 1257 νομαῖς.

304 1383 548 1450 promouent
557 1369 577 1453 )
610 1371 768 1456 Graphice
783 1372 935 1458 Virgiliut
949 1370 1065 1454 θοοῖς.
1078 1384 1110 1451 3,
1122 1383 1195 1452 339
1207 1367 1272 1453 sqq.

230 1471 336 1535 nudet
370 1474 480 1534 omnic
502 1464 610 1564 secum
638 1477 857 1554 Armentariuc
881 1466 964 1564 Afer
982 1474 1067 1553 agit,
1094 1485 1275 1556 tectumque

229 1572 397 1656 lorernque.
449 1573 545 1636 Silius
568 1575 638 1637 lut.
660 1592 693 1646 u,
716 1583 802 1655 442.
833 1568 939 1637 omnio
963 1575 1104 1635 Poenum
1119 1574 1275 1637 nrmenu·

228 1672 357 1757 uigilem
378 1675 489 1754 patrio
511 1674 552 1735 de
577 1661 660 1737 more
680 1667 870 1768 sequuntur.
916 1674 968 1740 Cf.
989 1688 1023 1737 et
1044 1668 1272 1746 Voleufltcc.

229 1777 350 1859 trgon.
367 1776 401 1848 6,
419 1788 504 1854 531.
537 1777 655 1839 Lucan.
671 1787 706 1855 4,
729 1776 814 1855 683.
865 1777 956 1839 idom
975 1775 1016 1837 de
1033 1774 1161 1856 Scythis
1175 1778 1273 1837 trudit

229 1876 339 1939 lussin.
359 1892 390 1947 c,
410 1892 444 1938 c.
467 1890 501 1939 ot
522 1877 563 1939 do
585 1878 700 1939 iisdem
721 1878 883 1939 Ammiuu.
910 1894 965 1946 ot.
990 1886 1026 1954 8.
1051 1890 1087 1939 et
1109 1876 1219 1939 Alanis
1238 1890 1272 1940 et

228 1978 361 2039 Hunuic
378 1992 434 2057 51,
456 1993 489 2040 u.
541 1979 621 2039 Eam
637 1992 744 2041 autem
762 1974 1053 2060 antiquiffimorum
1072 1978 1270 2060 populorum

183 2124 187 2137 .
228 2080 331 2141 vitum
344 2077 444 2149 tuille,
469 2079 572 2141 elucet
588 2098 627 2140 ex
642 2079 815 2165 Scripturic
828 2079 918 2141 sacris
933 2100 966 2142 v.
981 2098 1008 2142 c.
1034 2076 1147 2142 Gener.
1159 2086 1195 2162 4,
1213 2096 1269 2143 20.

187 2234 191 2241 .
228 2195 261 2243 et
282 2180 428 2264 pluribus
453 2172 563 2241 docuit
577 2180 764 2243 Perizoniue
786 2182 826 2241 de
847 2182 963 2265 origin.
986 2179 1098 2260 Babyl.
1120 2198 1189 2265 cap.
1215 2176 1269 2243 iu.

188 2322 191 2329 ·
226 2303 261 2367 p.
281 2292 365 2362 ομ.
402 2280 458 2342 u‘bi
481 2296 514 2343 et
538 2282 625 2342 hunc
646 2282 749 2344 Melae
772 2283 880 2343 locum
905 2279 1081 2365 adposuit.-
1115 2272 1270 2344 Ceterum

227 2384 373 2447 eundem
386 2402 517 2446 onorem
542 2382 646 2445 cdhuc
666 2384 739 2445 iiior
762 2381 884 2445 Africae
907 2383 1059 2465 populoe.
1093 2382 1269 2451 Beduinoc.

229 2483 366 2554 servare,
392 2497 428 2543 ut
443 2485 497 2543 vix
512 2496 634 2545 remota
650 2484 765 2545 abhinc
784 2497 884 2546 aetate
900 2484 950 2547 illc
964 2464 1109 2547 auctoree
1124 2481 1269 2568 loripfiilc

226 2587 413 2656 videantur,
439 2585 582 2663 adfirmat
597 2583 692 2669 Siraw
708 2587 751 2649 T.
771 2605 801 2648 1.
824 2606 856 2668 p.
875 2600 943 2666 371
965 2584 1008 2668 lq.

302 2785 342 2850 in
368 2806 574 2850 commune
598 2776 876 2881 consultant)
926 2790 953 2851 Ι.
975 2809 1005 2852 c.
1026 2788 1158 2873 publico
1180 2808 1269 2853 com·

229 2890 330 2953 modo
353 2889 490 2952 student.
541 2889 594 2951 Sic
614 2890 745 2950 Tacitus
769 2890 804 2951 in
831 2890 977 2975 Agricola
1003 2888 1092 2980 [erp.
1121 2886 1204 2979 ltu]
1232 2883 1269 2953 in

228 3010 391 3053 commune
412 3010 476 3051 non
498 2981 686 3079 consulunt‚·
716 3004 750 3052 et
769 2987 827 3054 lib.
848 3006 903 3070 15.
927 2988 1028 3081 [Hist.
1045 2996 1078 3070 4,
1095 2986 1178 3081 67.]
1206 2995 1269 3053 Per

165 3088 169 3096 ’
232 3092 356 3159 Galliac
378 3091 516 3161 edixere,
545 3103 583 3151 ut
604 3084 698 3181 nuffis
720 3090 837 3172 legatis
858 3094 891 3152 in
917 3112 1078 3155 commune
1105 3084 1268 3186 consulta-

227 3207 307 3256 rent.
334 3211 549 3255 crrccourve.
600 3190 677 3280 Non
697 3190 817 3253 habent
831 3191 1010 3257 societatem
1025 3194 1168 3267 civilem,
1196 3212 1268 3256 rem

227 3295 397 3376 publicam,
416 3293 468 3356 [ed
480 3293 537 3355 fibi
551 3293 683 3376 quicque
698 3294 781 3355 vivit
791 3292 913 3377 suisque
928 3296 1109 3360 commedio
1121 3294 1269 3360 inservit.

227 3398 358 3459 Tacitus
373 3397 408 3457 iu
424 3396 527 3480 Agric.
546 3410 687 3477 ccp.12.
713 3412 883 3458 onnuvtve
898 3397 974 3459 MS.
1026 3398 1140 3460 Horat.
1160 3414 1192 3459 o.
1211 3398 1267 3460 od.

234 3510 289 3574 ²5,
314 3517 370 3561 n.
396 3496 565 3560 Commune
587 3514 748 3576 inagnum.
788 3497 905 3559 Auctor
925 3497 1050 3580 respicit
1070 3498 1126 3560 Gr.
1146 3494 1266 3563 κοινόν.

229 3615 456 3683 nvnunuuv&
510 3597 563 3659 Sic
582 3592 693 3685 paffim
716 3608 750 3657 et
770 3598 845 3658 alibi
871 3601 904 3660 r'u
925 3619 1087 3661 commuue
1108 3590 1268 3692 consulere

142 3678 148 3692 .
229 3701 283 3760 vel
306 3688 499 3788 consultare,
535 3698 627 3760 utin
652 3699 764 3759 'l'ucito
788 3700 899 3761 Annal.
929 3715 982 3768 ια.
1006 3715 1040 3779 5.
1062 3699 1085 3764 f.
1120 3700 1213 3765 Curt.
1231 3719 1264 3779 9.

236 3821 266 3873 1,
283 3814 339 3862 21.
368 3800 500 3860 Terent.
520 3798 617 3861 Andr.
635 3812 667 3877 ὅ,
685 3812 717 3876 3,
739 3800 794 3861 16.
816 3801 891 3863 Liv.
905 3815 962 3881 32,
982 3820 1039 3866 cr.
1054 3804 1099 3865 in.
1125 3802 1212 3865 Plio.
1229 3804 1264 3866 6.

230 3901 318 3984 epist.
340 3898 395 3964 16.
436 3900 564 3962 Similes
580 3897 736 3962 formulae
753 3901 787 3960 iu
807 3922 965 3963 commuue
984 3894 1140 3994 disserere,
1166 3903 1263 3987 loqru,

164 4044 168 4057 .
229 4002 330 4063 dicere
346 4033 397 4049 --
417 4021 493 4081 quoe
507 4014 541 4062 et
556 4002 668 4062 Lexico
682 3998 838 4072 adferunt,
860 4017 893 4065 et
909 4007 971 4066 viri
987 4005 1074 4068 docti
1088 4004 1262 4069 inlustrant.

230 4101 283 4168 Cf.
301 4103 501 4166 Buuemanu.
518 4102 557 4165 ad
574 4102 715 4167 Lactant.
734 4115 766 4183 3,
788 4114 845 4181 ⁹5·
880 4106 1090 4191 Oudendorp.
1104 4109 1146 4170 od
1167 4107 1272 4171 Fron·
