2634 4716
208 385 273 470 aaa
478 341 646 453 noran
684 390 992 454 axauarrcaa
1078 386 1108 397 ”

209 570 305 639 vine,
331 585 397 650 qno
412 570 548 632 nomine
564 586 653 631 nunc
667 569 774 632 vocari
794 580 910 652 putant
925 581 1072 632 auetoree
1086 560 1263 652 anglicani

134 664 140 683 '
210 671 282 734 hist.
299 671 415 733 cathol.
436 670 509 733 Vol.
535 670 588 735 16.
605 693 638 755 p.
658 684 740 753 115.
766 684 800 733 et
820 673 1049 754 epitomatorea
1065 670 1137 747 Vol.
1158 683 1194 731 Ω.
1212 670 1263 732 in.

211 773 256 836 Δῑ
276 773 395 835 rectiue
413 772 509 835 shaw
531 774 573 838 T.
592 792 621 835 a.
644 792 679 855 p.
700 785 781 852 ¹²5·
797 794 825 838 c.
840 773 862 837 1.
882 792 960 836 enm
974 772 1074 836 hodie
1093 770 1264 835 ab-Arabi·

210 874 272 937 bue
293 875 442 957 adpellari
463 873 560 936 diuite
593 864 663 964 Suf
673 908 685 922 ·
696 874 781 964 jim·
798 895 868 939 mur
890 872 912 938 s.
930 874 1088 938 xummet.
1136 871 1264 937 Probat

210 977 247 1041 id
268 976 375 1040 Cirtae
395 978 473 1039 fitne
495 976 531 1039 h.
550 973 762 1071 Constantia,
787 990 821 1042 et
835 977 923 1060 quod
941 974 1034 1038 Wea
1048 1008 1060 1023 ·
1075 974 1130 1037 ai·
1144 972 1265 1039 aihu

211 1078 345 1162 longine
360 1075 438 1139 hinc
453 1078 494 1139 ad
510 1078 711 1141 occidentem
728 1079 812 1144 fluit.
862 1076 1143 1163 Conspicituribi.
1170 1076 1263 1160 qnod

210 1178 309 1245 refert
317 1179 427 1242 Poiret
440 1182 578 1265 (voyage
591 1196 633 1242 on
647 1179 790 1244 barbarie
802 1182 842 1244 P.
859 1198 889 1246 1.
905 1181 1000 1243 lettre
1011 1188 1069 1260 24.
1083 1196 1118 1261 p.
1131 1176 1265 1259 1665.)

213 1301 299 1367 pone
325 1280 411 1344 bene
441 1278 598 1354 servatus,
634 1283 778 1365 itemque
811 1282 898 1344 haud
922 1280 1035 1365 procul
1066 1279 1148 1343 inde
1168 1298 1265 1344 arma

75 1448 79 1457 ,
214 1382 429 1466 triumphalia.
486 1382 641 1451 Ceterum
669 1374 824 1475 Ampsaci
851 1384 993 1465 pendere
1020 1384 1056 1443 in
1085 1380 1150 1444 huc
1174 1368 1282 1446 nexn'

213 1486 345 1549 videtur
363 1504 382 1546 a
401 1477 561 1570 litaminis,
587 1499 625 1547 ut
644 1485 720 1547 aiibi
737 1484 842 1569 saepe.
868 1483 925 1548 etii
939 1484 1047 1567 poetia
1062 1480 1136 1546 solie
1154 1482 1267 1569 largiri

213 1586 305 1650 malit
321 1585 424 1649 Cerda
440 1587 479 1648 ad
494 1587 605 1675 virgil.
621 1586 704 1650 Aen.
714 1598 748 1666 5,
762 1597 847 1666 504„
868 1604 946 1649 cum
961 1597 1071 1649 tamen
1087 1596 1121 1649 et
1132 1576 1178 1648 iic
1189 1592 1267 1669 pro'·

86 1756 91 1771 ,
215 1687 287 1752 [aiei
304 1686 433 1758 soleant,
450 1701 489 1748 ut
505 1687 627 1751 flumen
642 1688 761 1760 Rheni,
778 1687 911 1751 Eridani
933 1717 985 1732 —
1017 1686 1092 1752 vid.
1107 1685 1267 1760 Dukerua

143 1826 151 1845 .
215 1791 256 1855 ad
279 1789 365 1853 Flor.
381 1803 414 1860 a.
433 1789 468 1860 6,
495 1801 550 1867 aa.
584 1791 753 1854 staveren.
776 1791 816 1852 ad
828 1790 955 1875 ,Hygim
975 1800 1065 1872 poet.
1086 1789 1204 1853 astron.
1228 1803 1265 1873 5,

218 1904 279 1972 30.
300 1912 332 1974 p.
348 1902 434 1970 533.
454 1902 489 1952 et
510 1910 591 1974 quoe
611 1892 755 1955 laudant.
804 1893 868 1954 Sed
889 1904 924 1954 et
942 1891 1128 1975 impliciter
1144 1891 1285 1957 eodem'

218 1992 290 2056 casu
309 2010 433 2055 nomen
454 1995 622 2076 proprium
643 2007 676 2054 et
697 1993 945 2076 adpellativum‚
979 1991 1043 2054 five
1069 1993 1153 2057 iliud
1175 2013 1266 2078 prae·

219 2096 327 2185 ueniat,
355 2092 426 2155 five
442 2091 601 2176 sequatur,
629 2094 782 2178 ponunt,¹
808 2095 849 2157 de
871 2114 937 2177 qno
956 2093 1057 2159 Corte
1075 2095 1116 2156 ad
1137 2088 1267 2163 Sallust.

218 2197 291 2282 lug.
302 2216 330 2259 c.
346 2211 401 2259 aa.
410 2191 433 2259 f.
460 2195 673 2282 Oudendorp.
686 2197 728 2258 ad
742 2197 803 2260 lul.
817 2192 905 2260 Caei
916 2195 957 2259 de
971 2194 1010 2260 B.
1020 2196 1103 2267 Gali.
1113 2189 1148 2279 5.
1164 2214 1203 2280 9.
1215 2198 1264 2261 in.

216 2300 372 2364 staveren
397 2296 436 2359 ad
459 2296 581 2381 Nepot.
605 2296 635 2370 ι’.
656 2314 688 2372 1,
709 2307 747 2381 4.
773 2309 807 2363 et
824 2314 905 2381 quoa
923 2297 978 2361 hic
995 2299 1159 2383 producit.
1210 2300 1269 2366 are

87 2486 89 2491 A
214 2400 309 2473 urbe,
341 2398 435 2461 arbor
456 2412 491 2462 et
510 2400 634 2464 fimilia.

295 2596 536 2690 angustior)
584 2598 774 2665 inmesoenti
790 2603 881 2665 enim
901 2623 919 2666 a
936 2601 1081 2683 faucibue
1096 2592 1269 2671 Gaditani·

216 2702 332 2788 peiago
352 2701 446 2762 litura
468 2700 601 2765 cedunt.
632 2721 821 2767 vanaanve.
872 2676 965 2767 fimat
983 2706 1037 2768 hic
1051 2706 1155 2781 Mela;
1187 2727 1269 2771 nam

219 2804 264 2869 eit
292 2801 397 2864 latior.
431 2819 602 2866 nnaavrve
626 2802 704 2868 MS.
754 2805 844 2867 iuxta
870 2826 958 2871 mare
989 2809 1268 2873 mediterraneum

219 2924 288 2972 non
304 2901 348 2965 est
363 2916 426 2964 tam
444 2903 516 2967 iata.
568 2905 605 2969 ld
620 2923 699 2968 vero
714 2905 756 2968 ita
765 2906 830 2970 effe
844 2905 914 2971 setis
925 2909 1002 2972 inde
1014 2910 1152 2982 constat.
1174 2910 1267 2996 quod

219 3006 299 3071 haec
317 3017 413 3066 rema
435 3002 590 3067 Numidia
609 3006 716 3088 postea
736 3009 834 3070 etiam
856 3007 919 3073 fuit
940 3012 1090 3074 attributa
1112 3013 1270 3078 Maurita-

218 3109 292 3170 niae
305 3105 364 3167 [ub
379 3107 513 3168 nomina
527 3104 741 3175 Caesarieniie.
763 3128 788 3174 r.
804 3129 1003 3177 oronovrve
1016 3114 1093 3178 MS.
1108 3134 1140 3179 r.
1164 3116 1268 3180 Shaw

219 3209 261 3273 T.
284 3229 313 3270 ι.
335 3225 369 3288 p.
393 3225 447 3287 ¹9·
467 3227 495 3272 c.
511 3207 533 3299 .¹·
555 3224 686 3293 propter
707 3231 761 3282 ea.
788 3231 870 3294 quae
887 3228 979 3278 antea
992 3216 1034 3279 ‹ie
1056 3216 1216 3280 Mulucha
1229 3228 1268 3282 et

220 3308 387 3374 Caesareae
410 3307 469 3371 litu
485 3309 624 3383 dixerat,
656 3312 824 3375 arbitratur
837 3313 1069 3381 Mauretaniam
1082 3317 1268 3384 Caesarien-

218 3408 285 3474 iem
299 3427 398 3491 aeque
412 3409 475 3473 iate
489 3410 627 3493 patniffn
644 3432 680 3477 ae
694 3412 883 3478 Numidiam
899 3418 1183 3501 Maiiaeiyliorum.
1216 3422 1270 3499 st.

217 3511 345 3597 politia,
374 3529 454 3591 quae
469 3513 510 3572 de
526 3512 743 3577 Mauretaniae
766 3528 800 3579 et
815 3515 990 3582 Numidiae
1008 3524 1156 3589 terminia
1172 3523 1268 3611 supra

219 3610 292 3677 [unt
305 3613 397 3682 dicta,
423 3612 646 3678 Ptolemaeum
657 3614 816 3701 inspiciaa,
840 3616 994 3683 Numidia
1007 3623 1046 3684 ad
1061 3625 1265 3715 impingam,

217 3714 302 3777 ultra
317 3732 413 3796 qnam
428 3726 587 3795 praeterea
601 3714 723 3780 Cirtam
737 3719 849 3801 ponit,
873 3720 981 3786 verine
995 3744 1082 3788 mare
1095 3726 1141 3790 eit
1153 3729 1265 3798 latior.

162 3872 169 3885 ,
217 3816 270 3883 Ea
284 3813 440 3879 Antonini
457 3828 564 3879 tuanen
581 3820 823 3900 computatione
839 3839 873 3905 p.
890 3839 913 3903 9
928 3822 990 3908 sqq.
1010 3829 1266 3897 conficiuntur·

217 3915 317 4003 Tingi
333 3916 372 3978 ad
387 3916 525 3979 Portum
540 3916 697 4004 Magnum
713 3919 798 4001 639.
816 3920 863 3987 Μ.
877 3923 915 3990 Ρ.
938 3941 971 3989 et
993 3927 1071 3990 hinc
1094 3932 1135 3993 ad
1154 3930 1266 4000 chum

218 4018 449 4102 municipium.
483 4020 570 4101 quod
592 4018 711 4103 excipit
730 4018 902 4099 annuende,
936 4029 1022 4110 556.
1044 4030 1103 4096 M:
1116 4033 1156 4100 Ρ.
1180 4018 1268 4122 quaa‘

216 4121 351 4208 quidam
369 4118 476 4185 Maiae
497 4120 713 4189 narrationem
737 4135 880 4193 tuantur.
1174 4138 1177 4143 '
1257 4158 1267 4171 ·
