2634 4716
197 392 418 497 arraona.
446 432 557 494 urat.
588 435 680 493 .1..1.
721 432 828 493 (aaz
861 433 952 507 'aaa
1038 445 1101 541 ²³5⁸

56 644 61 650 ·
131 605 248 689 tras)
296 604 379 669 Vide
402 605 507 692 lupra.
541 605 670 671 Plinius
687 627 716 672 c.
734 610 756 671 l.
777 623 843 671 tres
864 605 985 692 etiam,
1015 630 1103 695 quae

53 723 225 773 terrarum
238 711 352 772 orbem
372 707 457 770 fama
477 705 720 795 impleverunt,
751 706 1000 776 commemorat*
1013 707 1103 776 inter

15 845 19 852 ·
56 808 235 897 Memphin
258 827 292 875 et
313 812 411 873 Delta
427 813 560 902 pofitas.

55 1054 58 1059 -
134 1015 585 1100 quotuor-iugera)
644 1012 700 1081 Sic
732 1007 848 1081 scribit
876 1017 967 1081 haud
1000 1013 1104 1083 dubie

55 1112 282 1201 interpretans
296 1131 465 1178 auctorem
478 1110 653 1191 Graecum',
676 1117 734 1206 qui
752 1120 793 1181 de
810 1115 863 1180 his
878 1117 1104 1184 fundamenti·

58 1216 234 1304 usurpavit
246 1230 365 1282 vocem
381 1220 541 1282 Graecam
557 1216 711 1308 πλέθρον,
737 1218 862 1307 quippe
881 1239 945 1306 qua
958 1224 1104 1307 plerum·

59 1338 126 1406 quc
163 1335 303 1383 utuntur
339 1317 377 1382 iu
408 1319 571 1395 mensuris
602 1341 775 1407 agrorum,
822 1344 928 1409 quum
965 1320 1104 1385 interim

58 1441 262 1506 magnopere
289 1418 384 1484 distet
410 1420 519 1507 iugeri
547 1421 743 1508 magnitudo
771 1445 789 1486 a
819 1419 923 1509 lpatio
944 1421 1104 1512 πλέθρου,

60 1542 130 1609 quo
155 1522 259 1585 ferme
278 1524 419 1586 alterum
441 1540 571 1588 tantum
596 1527 792 1610 delignatur.
845 1525 946 1611 Quod
969 1524 1104 1588 videtur

59 1621 164 1687 etiam
189 1622 267 1686 latis
291 1624 461 1687 attendille
481 1624 539 1691 hic
563 1643 697 1700 auctor,
738 1627 820 1688 dum
844 1624 938 1689 addit
961 1629 1104 1692 verbum

50 1717 147 1888 pere,
182 1724 273 1812 quod
297 1725 437 1789 ollendit
459 1747 637 1791 numerum
661 1726 847 1792 incertum..
887 1730 978 1791 Tum
1002 1726 1105 1797 etiam
1138 1762 1147 1771 ·

74 1825 129 1912 pl'e
151 1827 341 1890 Herodotus
356 1846 390 1902 2,
411 1839 491 1909 aad.
513 1826 551 1895 in
572 1827 616 1893 iis
632 1827 854 1894 describendis
868 1832 1008 1892 verbum
1027 1826 1106 1896 πλὲ·

58 1931 141 2018 θρον
157 1925 303 1991 adhibet.
330 1949 355 1993 r.
374 1948 573 1996 ononovsvs
590 1931 665 1997 MS.
709 1935 858 2014 Iugerum
879 1932 968 2017 apud
982 1934 1119 1994 Roma·

60 2049 124 2095 noa
141 2029 292 2107 censetur
308 2033 445 2116 longum
462 2043 533 2112 240
549 2032 670 2116 pedes,
695 2036 800 2095 latum
820 2050 900 2097 rao.
926 2048 964 2095 ut
985 2031 1104 2096 dilerte

64 2131 164 2194 docet
186 2129 434 2218 Quinctilianus
462 2157 492 2206 ι,
516 2156 570 2199 ιο.
594 2131 752 2219 additque
771 2133 872 2205 adeo,
904 2155 968 2197 nec
988 2155 1103 2218 quem»

60 2253 163 2318 quam
176 2233 245 2298 fere
260 2234 340 2307 elle,
367 2232 426 2320 qui
447 2232 483 2296 id
500 2232 655 2319 ignoret.
693 2231 913 2298 Consentiunt
933 2231 969 2296 in
983 2231 1051 2319 ipla
1066 2256 1103 2298 re

20 2418 24 2423 η
59 2335 163 2398 Varro
179 2335 224 2399 de
236 2338 273 2399 L.
291 2339 329 2399 L.
346 2334 403 2398 lib.
417 2347 451 2417 4.
468 2358 500 2421 p.
512 2358 558 2398 m.
574 2353 607 2412 7.
629 2332 686 2414 (in
702 2352 843 2399 auctorr.
860 2338 897 2398 L.
913 2337 970 2414 L.)
992 2351 1025 2397 et
1038 2332 1105 2398 Pli-

60 2435 139 2498 nius
159 2447 216 2515 18,
234 2451 267 2515 3.
302 2436 561 2522 Unde'adparet,
580 2434 733 2522 iugerum
747 2458 790 2503 oe
804 2434 992 2501 vicesimam
1007 2433 1103 2521 lepti·

60 2554 153 2602 marn
181 2535 316 2625 quidem
341 2555 469 2624 partem
496 2539 622 2611 hubae,
655 2559 756 2623 quarn
780 2552 919 2610 vocant,
949 2558 1102 2623 aequare,

62 2659 195 2724 morgas
216 2656 330 2703 contra
347 2641 481 2713 nostras,
506 2638 556 2704 uti
571 2642 673 2724 vulgo
690 2655 835 2713 vertunt,
863 2640 1025 2725 superare,
1052 2635 1104 2702 uti

63 2756 180 2805 contra
202 2742 345 2804 Fabrum
365 2739 401 2805 in
423 2742 574 2805 thesauro
596 2745 632 2804 L.
655 2746 692 2803 L.
715 2757 830 2804 monet
853 2742 1043 2825 Heusinger.
1067 2738 1104 2804 in

62 2843 200 2909 Observ.
214 2841 317 2906 antib.
332 2864 404 2928 cap.
415 2859 447 2922 3.
464 2866 496 2929 p.
511 2855 571 2924 45.
612 2843 663 2907 cf.
680 2864 764 2929 quae
778 2838 892 2905 notavi
907 2843 950 2905 ad
963 2847 1102 2926 Eutrop.

51 2968 100 3018 η,
129 2960 183 3022 ι7.
208 2967 240 3030 p.
257 2956 315 3024 51.
366 2947 470 3009 Porro
493 2947 621 3007 dMela
637 2942 694 3008 hic
715 2944 924 3007 Herodotum
944 2941 1102 3017 reddidit,

62 3043 122 3133 qui
145 3047 245 3108 habet
267 3035 356 3110 dardi
378 3043 526 3137 πλέθρα,
560 3044 694 3108 videtur
717 3043 774 3108 ille
802 3041 957 3128 iugerum
978 3032 1011 3106 et
1034 3044 1103 3106 duo

59 3144 192 3236 πλέθρα
212 3149 353 3210 eandem
375 3148 563 3215 mensuram
579 3144 750 3219 censuille,
785 3162 819 3208 et
839 3147 882 3208 lic
898 3148 938 3208 ab
959 3143 1104 3208 aliorum

61 3246 314 3334 computatione
335 3247 516 3313 discclsrlle.
555 3249 655 3334 Quod
673 3245 764 3310 enim
776 3249 974 3310 Plutarchus
989 3245 1026 3309 in
1042 3247 1103 3310 Ca·

60 3349 158 3415 millo
181 3371 253 3436 cap.
273 3365 331 3432 39.
352 3349 483 3438 πλέθρα
506 3344 635 3421 scribit,
665 3350 753 3464 appd
775 3345 910 3410 Livium
928 3345 964 3410 in
987 3347 1105 3417 eadem

59 3449 255 3516 narratione
278 3451 353 3514 lunt
372 3449 487 3535 iugera
511 3470 651 3514 numero
668 3451 804 3535 quidem
820 3449 976 3521 rotundo,
1003 3470 1105 3535 quem

60 3570 203 3626 uocant,
229 3554 287 3618 leu
300 3555 420 3638 pleno,
449 3556 470 3615 sr
486 3551 630 3641 πλέθρον
646 3549 764 3614 habuit
784 3563 855 3632 ¹⁰4
868 3551 970 3637 pedes
984 3553 1104 3617 Roma·

60 3676 143 3730 noa,
175 3658 230 3719 vel
255 3666 279 3734 8
304 3655 522 3740 decempedas
549 3655 743 3727 Rhenanus,
779 3668 799 3732 5
823 3646 924 3738 pedes
949 3669 982 3717 ct
1009 3656 1102 3730 1650

62 3755 182 3831 lineas,
205 3757 248 3820 de
262 3777 330 3843 quo
339 3754 382 3823 ci.
395 3752 676 3828 Eilenlchmidius
690 3756 731 3816 de
748 3751 951 3839 ponderibus
966 3770 1000 3817 ct
1012 3775 1104 3816 men·

62 3857 147 3922 luris
163 3880 198 3943 p.
218 3876 298 3921 1ιί.
318 3869 386 3937 rgo
401 3856 446 3944 sq.
478 3853 662 3921 Bereriuus
680 3857 722 3918 de
742 3852 947 3939 ponderibus
966 3871 999 3918 et
1013 3874 1104 3917 men·

60 3957 146 4025 luris
168 3982 202 4045 p.
223 3970 304 4041 tau
345 3959 512 4041 Xylander
541 3959 585 4022 ad
611 3953 781 4021 Plutarchi
807 3953 923 4022 homil.
949 3958 1104 4019 Paullum

59 4082 134 4148 cap.
155 4073 210 4142 ¹6·
236 4058 388 4126 Perizon.
403 4062 447 4125 ad
462 4058 588 4126 haliau.
604 4061 640 4123 V.
656 4061 699 4122 H.
718 4073 752 4136 5,
774 4082 804 4122 ι.
830 4073 865 4122 et
878 4059 1048 4122 Rambach
1062 4056 1105 4120 ad

58 4158 429 4249 Pouershrchseologie
448 4164 489 4227 T.
508 4178 543 4244 5.
565 4184 598 4249 p.
617 4178 691 4229 aoa
708 4160 754 4251 lq.
795 4163 836 4226 ln
855 4159 953 4235 rebus
970 4156 1105 4224 Graecis
