2634 4716
164 438 174 481 Ι.
243 416 297 477 ne
323 416 462 476 pom.
493 412 603 485 mut.
641 412 728 473 Li.
766 410 902 475 am.
942 408 1174 495 ero-2⁶47
1230 508 1239 525 .

203 588 340 674 nuda)
388 590 477 653 Male
495 585 629 653 Solinus
645 607 674 651 c.
691 589 712 649 l.
738 600 838 671 caput
850 606 907 652 eor
922 589 1062 653 tondere
1078 585 1175 663 dicit,

129 700 208 757 nuru
233 688 318 756 calvi
343 691 535 770 nascuntur,
570 704 609 751 ut
631 688 731 753 refert
753 690 942 756 Herodotue
965 711 994 755 c.
1019 693 1040 753 1.
1072 709 1175 775 quem

128 791 249 858 melius
272 791 490 855 reddiderunt
510 793 599 853 Mela
623 807 657 854 et
677 788 846 859 Plinius
870 793 919 861 Itu
942 804 977 855 et
996 788 1174 870 Myconius

129 892 219 959 nasci
241 892 449 957 traditPlin.
472 917 527 965 ιι,
551 904 612 1009 47.
627 891 724 970 437.
751 894 1016 960 etertruhoro.
1035 915 1068 978 Ρ
1088 901 1173 973 336

129 995 254 1077 4487.
278 1010 408 1059 tanturn
431 987 539 1070 πάθος
561 988 735 1083 ἐπιχώριον
756 1010 864 1058 vocnt.

198 1089 367 1190 surgit)
349 1099 537 1177 >Uirtute
555 1111 587 1158 et
603 1111 677 1179 apte
695 1097 735 1157 de
750 1094 932 1159 montibus.
966 1095 1017 1160 cf.
1035 1092 1121 1157 infra
1139 1112 1174 1171 2,

133 1215 167 1269 1.
191 1221 247 1265 ιο.
273 1195 372 1263 Ovid.
388 1199 522 1260 Meum.
544 1218 575 1269 r,
590 1206 652 1276 43.
664 1226 713 1243 ·-
739 1198 804 1259 Pro
820 1218 859 1261 eo
875 1197 993 1281 puffim·
1007 1190 1178 1288 adsurgere

130 1297 270 1383 iegitur,
294 1315 333 1361 ut
351 1301 439 1384 apud
460 1297 569 1361 Liv..
552 1316 594 1360 ⁰2
599 1308 662 1378 ,4,
688 1316 720 1360 ο.
742 1295 897 1370 etalioe,
928 1295 1078 1383 quoeibi
1100 1315 1178 1382 pror
1245 1326 1257 1349 κ

130 1397 541 1465 ducitnrakenborchiue.
562 1396 847 1463 nuntiationem
861 1419 901 1462 ex
917 1399 1032 1461 Nostro
1048 1396 1178 1461 fuciunt
1213 1406 1219 1419 ’

132 1495 305 1593 exsurgere,
336 1501 463 1575 aaroni.
498 1503 531 1564 in
551 1501 755 1565 altitudinem
780 1500 883 1615 abire,
917 1499 960 1566 de
985 1497 1108 1588 quibus
1131 1498 1177 1569 ef.

133 1599 202 1666 diff.
218 1603 266 1665 de
285 1603 373 1664 Mela
392 1623 463 1688 cap.
480 1619 513 1679 7.

209 1704 290 1766 mn
294 1707 443 1786 paens)
464 1705 585 1767 Ufitate
597 1701 717 1769 Graeci
732 1702 849 1769 dicunt
861 1700 1032 1770 Piraeus.
1043 1700 1180 1769 Peraia

133 1794 206 1891 ὅρη.
249 1805 435 1886 Stephanus
460 1802 650 1887 [impliciter
669 1804 819 1879 Ῥιπαία,
845 1800 918 1894 ὅρος
935 1803 1180 1894 ’Τπερβορὲωνε
1254 1834 1257 1839 ·

135 1900 193 1966 elii
211 1904 253 1965 fic
273 1896 330 1989 ὅρη
347 1900 608 1984 subintelligunt.
654 1903 782 1969 Latinis
802 1907 877 1968 [unt
890 1907 1029 1986 Rhipuei
1046 1919 1180 1979 montes.

135 2023 203 2089 quo
226 2021 366 2065 numero
391 2016 425 2063 et
445 2002 534 2064 Mela
557 1998 664 2063 utitur
682 2018 716 2078 3,
737 2018 772 2081 5,
795 2029 823 2067 ι.
847 2004 1022 2078 rariffime,
1052 2021 1090 2069 ut
1110 2003 1181 2079 hic,

136 2100 289 2188 singulari
307 2102 499 2165 efferuntur.
533 2103 581 2164 Ita
601 2117 712 2165 tumen
727 2101 880 2167 Lutatius
898 2106 938 2166 ud
959 2102 1056 2169 statii
1072 2107 1181 2171 Theb.

142 2229 173 2278 2,
190 2218 277 2284 420.
311 2206 362 2267 Ex
376 2200 563 2266 variatione
579 2202 784 2285 adpelluntur
804 2207 954 2286 Rhipaea
974 2208 1058 2287 iuga,
1080 2204 1182 2283 (Pliu,
1278 2180 1292 2205 ⁵

136 2318 174 2387 4,
194 2306 290 2383 27.i.
310 2309 379 2383 13.)
404 2307 524 2388 iugum,
541 2301 661 2381 (Solin.
679 2326 708 2369 c.
726 2324 782 2368 20.
797 2305 819 2369 i.
841 2312 909 2389 ¹5·)
934 2328 1031 2385 arces.
1052 2302 1182 2390 (Virgil.
1280 2356 1285 2366 ,

138 2410 259 2491 Georg.
283 2431 311 2479 r,
333 2412 429 2486 240.)
470 2405 662 2469 Secundum
679 2407 885 2469 Athenaeum
901 2410 935 2480 6,
952 2419 987 2488 4.
1005 2429 1079 2493 pag.
1098 2423 1183 2486 233.

138 2509 210 2595 post
225 2506 307 2572 dicti
327 2508 401 2569 sunt
416 2501 557 2584 Ὄλβια,
583 2504 683 2590 ipfiue
705 2523 811 2571 aetate
830 2509 934 2589 Alpes,
961 2530 1045 2594 quae
1070 2494 1184 2574 tanien

138 2613 226 2675 mele
245 2606 375 2673 misceri
391 2623 506 2671 mouet
522 2608 744 2673 casaubonus.
783 2611 916 2671 Nomen
936 2630 954 2672 u
975 2607 1112 2699 ῥίπτειν,
1139 2612 1185 2675 ob

139 2709 304 2796 impetum
318 2712 456 2781 Boreae,
483 2708 578 2772 ducit
591 2707 727 2771 Serviue
742 2710 783 2771 ad
792 2709 905 2794 Virgil.
922 2713 1041 2796 Georg.
1053 2728 1085 2790 3,
1097 2723 1184 2791 389.

141 2830 176 2877 et
190 2827 277 2876 certe
291 2813 433 2875 Boream
446 2808 526 2874 inde
540 2810 619 2874 flare
632 2808 770 2895 quidam
784 2808 949 2874 dixerunt.
977 2814 1028 2877 ef.
1037 2814 1182 2885 Eustath.

142 2914 184 2977 ud
204 2912 337 2994 Dionys.
352 2936 384 2976 v.
400 2924 459 2992 34.
510 2909 576 2975 Alii
598 2931 615 2973 a
633 2914 663 2972 Τ
665 2910 788 2975 ararica
809 2932 894 2976 voce
911 2905 1077 3004 Bis-⁰⁰⁶·
1103 2912 1126 2977 i.
1152 2934 1183 2981 e.

144 3018 241 3087 ultne,
263 3016 401 3086 ducunt,
417 3012 499 3092 (vid.
517 3015 562 3076 St.
580 3010 682 3077 Croix
698 3013 740 3076 ad
759 3010 892 3076 Vibium
908 3036 941 3099 p.
949 3036 994 3079 m.
1006 3017 1103 3098 365.)
1127 3011 1185 3083 ulii

143 3136 185 3178 ex
209 3114 411 3184 Ostacorum
443 3112 626 3198 priscorum
654 3117 860 3189 accolarum,
892 3106 1091 3200 liugur‚'in
1118 3136 1185 3201 qur
1238 3182 1242 3189 ,

143 3216 232 3296 Reep
256 3215 300 3277 est
319 3236 426 3277 mone.
454 3217 650 3294 (Schloezer
672 3213 707 3276 in
730 3217 867 3299 Aligem.
890 3218 1120 3281 weit-Gesch.
1142 3219 1185 3284 N.

145 3315 260 3380 Zeiten
275 3316 315 3378 T.
337 3330 392 3394 13.
407 3339 439 3400 p.
462 3322 561 3395 112.)
595 3313 769 3379 Altiffimoe
785 3318 846 3379 effe
862 3334 992 3381 montee
1007 3339 1086 3383 cum
1100 3319 1186 3382 Cau·

144 3416 238 3484 cafiie
260 3414 372 3481 scribit
394 3418 601 3500 Agathemer.
622 3438 653 3490 ο,
676 3436 711 3498 9.
733 3415 780 3480 iu.
821 3416 931 3482 Situm
951 3415 1043 3483 varie
1070 3416 1187 3485 consti·

145 3508 254 3585 ruunt.
288 3515 375 3583 Plin.
386 3520 419 3589 6,
432 3531 465 3596 5.
477 3515 522 3581 in.
536 3520 671 3583 Caucass
686 3518 764 3603 iuga
778 3519 820 3582 ud
833 3541 890 3583 eoe
904 3518 1052 3608 torqueri
1067 3521 1185 3599 referte

145 3619 335 3695 Marcianus
352 3616 388 3681 in
405 3616 535 3705 periplo
551 3642 583 3704 p.
602 3624 661 3700 56.
677 3621 778 3686 Hudr.
803 3619 890 3686 inter
905 3621 1073 3686 Maeotida
1089 3619 1188 3708 ponit

147 3739 181 3786 et
193 3719 413 3786 Sarmaticum
428 3722 617 3798 Oceanum
639 3724 806 3787 Plutarch.
820 3722 1009 3788 inGemillo
1022 3746 1051 3788 c.
1067 3736 1120 3804 15.
1137 3721 1185 3789 in.

147 3826 257 3887 verius
278 3824 449 3887 Oceanum
473 3822 788 3907 septemtrionalem
822 3826 911 3887 Men
930 3841 964 3904 3,
981 3836 1015 3904 5,
1038 3849 1066 3889 1.
1098 3806 1187 3891 Pliri.

148 3937 184 4006 4,
205 3929 260 3990 26.
272 3925 292 3988 i.
308 3945 362 3989 re.
386 3926 531 3987 Eustath.
548 3926 587 3993 ad
606 3923 739 4003 Dionys.
754 3940 881 4005 v.311.
897 3956 947 3973 -
971 3942 1046 3988 unte
1061 3928 1186 4010 Hyper»

147 4030 276 4098 boreos,
302 4042 335 4089 et
350 4028 421 4113 post
435 4025 619 4111 Arimaspoe
636 4026 779 4089 Eustath.
799 4027 840 4090 ad
861 4024 995 4107 Dionys.
1017 4049 1050 4092 v.
1069 4039 1127 4107 34.
1153 4042 1189 4089 et
1294 4074 1299 4083 .

147 4126 363 4221 Arimphaeos
383 4132 521 4193 Ptolem.
540 4131 574 4201 6,
599 4145 630 4203 7.
652 4124 764 4190 ethic
786 4127 909 4190 Noster.
960 4128 1042 4191 Inde
1063 4131 1186 4212 Hyper·
1258 4158 1262 4166 ·

148 4230 327 4292 bo'r'eorum
357 4241 507 4296 montem
530 4245 630 4297 vocat
660 4230 846 4321 Stephmue
870 4229 904 4292 h.
927 4248 962 4295 r.
995 4244 1029 4293 er
1051 4244 1187 4315 propter
