2634 4716
272 393 634 456 0000000001.
674 399 755 456 1.r.
800 399 933 463 cvltr.
973 401 1053 473 06.
1125 413 1189 472 007

130 565 278 631 ‚taber
267 589 301 630 m
325 567 550 655 Archaeologia
575 571 796 642 Hebraeorum·
814 575 856 638 T.
878 572 1002 639 1.sect.
1026 590 1062 639 9.
1092 575 1188 640 etad

137 664 265 731 libmm
292 660 565 757 Beobechtungen
597 674 677 737 iiber
699 675 763 740 den
783 673 899 760 Orieut
918 676 961 739 Τ.
981 692 1013 739 9.
1041 697 1084 760 p.
1098 687 1184 758 949.
1218 708 1221 719 ·
1275 714 1285 725 .

133 770 378 834 ΙΒο11000000
368 793 402 832 nr
418 762 597 838 Handuuc'h
615 776 671 839 der
690 776 774 839 Bibs.
790 777 947 838 Literatur
962 779 1001 839 T.
1022 798 1052 841 1.
1074 779 1102 856 §
1121 790 1182 859 9.4

130 871 259 954 uliique
284 873 478 938 adtulerunt.
532 876 625 940 Tales
653 892 759 939 autem
785 897 935 941 cavernae
959 875 1183 960 antiquissimis
1251 881 1255 889 ‘

139 972 333 1036 hominibut
354 973 465 1038 tribuit
482 976 629 1041 Perizon.
647 980 681 1039 in
696 979 785 1064 Orig.
805 978 917 1060 Babyl.
934 998 1000 1060 cop.
1016 993 1050 1058 3.
1067 1000 1101 1061 Ρ.
1119 991 1179 1060 55.

138 1087 175 1139 et
199 1075 276 1136 inde
299 1073 419 1139 subulae
449 1079 490 1140 de
521 1078 709 1156 horninibus
741 1101 780 1143 ex
814 1093 896 1142 tetro
925 1083 1007 1143 notio
1033 1081 1177 1146 deducit.

136 1176 194 1239 Sic
213 1176 483 1260 producuntur-in
507 1181 674 1244 Hannoni·
697 1183 820 1265 periplo
840 1202 873 1265 Ρ.
887 1194 921 1259 3.
939 1178 1041 1244 Huds.
1069 1196 1102 1243 et
1120 1180 1177 1245 sub

131 1276 356 1367 'Eremborurp
388 1282 540 1352 nomine,
580 1283 620 1344 tle
645 1302 709 1364 quo
741 1281 848 1354 infra.
878 1282 959 1363 apud
993 1282 1176 1347 Homerum

138 1376 262 1460 Od.4.
286 1390 345 1457 85.
398 1379 531 1444 Causam
559 1388 680 1464 quaerit
714 1383 816 1449 Brute
841 1385 876 1445 in
911 1379 1026 1444 lieisen
1050 1383 1120 1449 Vol.
1143 1405 1174 1449 e.

136 1500 173 1564 p.
193 1500 239 1543 ur.
262 1492 310 1560 49
317 1498 334 1542 9
354 1480 396 1563 l.q
426 1484 459 1542 in
487 1484 602 1545 diluvii
627 1482 775 1548 metiret
807 1485 967 1558 diuturnis
993 1484 1147 1564 pluuiie'
1137 1506 1175 1546 ru

136 1579 264 1652 Nubiu,
306 1578 343 1642 in
374 1585 464 1645 cuiue
495 1586 661 1658 montibus
688 1583 775 1668 supro
800 1585 932 1647 Meroen
963 1582 1173 1656 consederint,

135 1666 224 1746 unde
240 1684 370 1746 ulteriut
389 1686 426 1746 ud
445 1685 615 1749 Meridiem
632 1686 784 1772 migrasse.
829 1688 867 1748 ln
884 1687 980 1747 variie
997 1700 1104 1747 autem
1122 1706 1173 1750 re·
1176 1759 1192 1783 .

132 1783 287 1869 giouibue
305 1801 613 1860 commemorantur,
646 1791 763 1870 qnod
755 1807 817 1849 ram
841 1806 878 1847 ex
900 1785 1027 1849 Cellarii
1049 1787 1168 1872 Geogr.

131 1899 200 1948 aut.
215 1897 250 1966 4,
270 1904 301 1958 1,
322 1886 376 1950 16.
397 1888 596 1974 intelligitur.
636 1891 682 1951 lta
697 1904 870 1953 occurrunt
882 1889 965 1953 inter
981 1886 1114 1966 Scythas
1129 1889 1170 1952 ad

128 1985 265 2059 mmm,
301 1986 358 2048 ubi
380 2002 415 2050 et
444 1989 583 2068 Crobyzi
616 2007 774 2054 vocantur
803 1989 936 2069 (Suebo
959 2003 992 2063 7.
1023 2009 1059 2069 p.
1082 2004 1167 2052 990.

129 2085 155 2151 s.
172 2098 257 2167 518.
282 2089 367 2151 Plin.
382 2101 417 2167 4,
435 2105 493 2167 95.
508 2089 529 2153 s.
553 2105 606 2152 ι9.
634 2091 771 2153 Ptolem.
789 2109 820 2174 3.
840 2093 918 2168 to.)
939 2090 976 2149 acl
993 2088 1169 2152 Caricasum

128 2187 268 2274 (Strabo
290 2210 343 2251 tt.
360 2210 392 2272 p.
411 2201 494 2271 349.
512 2189 533 2254 s.
547 2193 630 2267 506.
659 2193 764 2253 Schol.
783 2189 928 2269 Aeschyli
944 2191 982 2251 ad
998 2190 1166 2255 Prometh.

129 2311 166 2357 v.
189 2288 298 2374 490.)
323 2326 373 2338 -
425 2293 487 2352 Sed
510 2306 578 2351 tunt
603 2294 643 2353 (10
666 2294 751 2352 vitae
772 2294 854 2360 ritu,
880 2309 947 2351 non
969 2292 1008 2349 de
1031 2293 1166 2354 nomine

128 2393 235 2477 gentio
257 2393 369 2477 agitur.
422 2392 547 2476 Nempe
571 2397 626 2474 qni
649 2395 681 2453 in
703 2391 855 2474 speluncis
871 2392 949 2451 olim
973 2389 1165 2463 habitarunt,

125 2490 261 2577 fuerunt
289 2495 395 2554 multi.
446 2496 498 2557 Sic
521 2495 773 2577 ichthyophagi,
799 2493 932 2573 (Strabo
954 2491 1007 2555 ro.
1029 2512 1059 2573 Ρ.
1078 2504 1163 2571 559.

126 2578 274 2671 [(773)
298 2595 381 2657 conl.
402 2597 608 2679 Agatarchide
625 2596 664 2659 de
677 2594 776 2657 rubro
789 2595 867 2657 mati
889 2593 972 2678 (cop.
992 2607 1046 2667 ι7.
1059 2607 1162 2674 039.

126 2693 248 2777 Huds.)
278 2695 431 2779 Pygmaei
465 2695 554 2778 supra
587 2699 790 2781 Aegyptum,
823 2695 918 2756 uude
948 2692 1042 2756 Nilne
1078 2691 1167 2767 fluit.

124 2795 297 2876 (Arillotel.
317 2796 392 2861 Hill.
406 2799 465 2858 dn.
483 2809 516 2874 8.
537 2799 605 2874 tl.)
633 2797 700 2859 Nili
716 2797 849 2867 accolae,
871 2794 1162 2874 (Hellanicuttello

125 2897 306 2960 Heliodoro
324 2899 356 2957 in
372 2899 520 2980 Aethiop.
534 2911 567 2975 8.
589 2900 641 2967 16.
659 2920 691 2981 Ρ.
702 2902 802 2978 409.)
816 2894 1012 2961 ·I’ulaellinae
1028 2896 1160 2968 incolae,

125 2998 168 3060 de
190 2997 305 3080 quibui
328 2999 487 3061 Buchieue
508 3001 541 3059 in
558 2998 682 3063 Beschr.
702 3019 767 3060 von
783 2996 949 3060 Palaestino
960 2999 1000 3059 T.
1025 3019 1051 3059 r.
1070 2997 1106 3058 P.
1129 3018 1160 3064 ι.
1188 3020 1203 3053 .’

123 3121 160 3184 Ρ.
174 3114 258 3178 379.
280 3113 312 3160 el
330 3120 411 3180 quot
427 3115 596 3170 memorat.
620 3103 745 3182 aliique.
792 3099 984 3176 Plerumque
1003 3111 1108 3158 tamen
1125 3111 1160 3171 et

124 3198 310 3278 solemniter
334 3201 371 3261 ud
395 3201 596 3282 Aethiopiam
620 3217 653 3263 et
670 3202 839 3263 Arabicum
863 3197 962 3259 linum
982 3213 1159 3276 ponuntur,

123 3298 259 3387 (Strabo
279 3321 310 3365 1.
331 3323 361 3384 p.
383 3313 438 3379 08.
457 3300 478 3364 s.
494 3313 555 3381 49.
587 3317 643 3377 ¹7·
664 3325 696 3384 p.
712 3310 796 3382 534.
813 3298 835 3362 l.
853 3299 936 3372 776.
970 3299 1104 3360 Diodur.
1125 3312 1158 3376 5,

125 3400 233 3485 39ῐο.
268 3403 434 3464 ileliodor.
459 3405 492 3463 in
518 3403 750 3484 Aethiopus.
784 3400 922 3465 Ptolem.
942 3412 977 3491 q.
1002 3409 1036 3475 8.
1072 3399 1177 3483 Ptin„

124 3514 214 3582 8.8.
235 3517 268 3564 et
281 3524 359 3585 quoe
373 3502 499 3567 Solutus
515 3505 553 3564 ad
569 3505 669 3567 Solrn
685 3526 716 3585 p.
734 3524 779 3565 m.
792 3513 874 3580 545.
886 3499 1026 3581 09561.)
1053 3501 1157 3582 Atque

122 3603 235 3668 botin
248 3604 881 3689 lleleintelligendoselsenexuedocet,
904 3616 947 3674 et,
969 3616 1157 3682 queritante

121 3707 234 3769 000100
247 3706 385 3788 posrttuu
405 3707 520 3768 habete
542 3704 635 3776 soler,
668 3705 900 3785 Ηο00001004,
918 3716 1001 3779 98
970 3740 1001 3780 3
1028 3702 1081 3761 nbi
1104 3705 1156 3766 od·

120 3808 225 3892 pellan
229 3823 280 3868 tur
293 3808 475 3889 Aethiopes.
515 3807 649 3869 Hodie
640 3830 674 3868 ru
692 3808 807 3869 vicinia
822 3824 913 3888 regni
903 3805 1047 3867 Feezau
1063 3822 1157 3885 quae,-

119 3923 252 3980 runtur,
282 3909 363 3970 vel'
354 3931 388 3968 tn
412 3909 478 3990 ipsu
506 3908 562 3970 illo
585 3929 696 3993 regno.
750 3890 821 3969 Vid
848 3905 972 3967 Renuel
999 3919 1093 3964 nolae
1114 3903 1155 3964 od

119 4010 357 4075 Horuernaun
348 4027 409 4072 uer
423 4012 460 4071 ad
478 4008 617 4070 Murzuk
635 4014 686 4072 od.
702 4008 829 4089 Koenig
843 4026 894 4069 an.
912 4018 1014 4081 ι809.
1026 4026 1057 4087 p.
1068 4018 1152 4080 217.

118 4103 284 4205 Rodienses
306 4130 393 4175 nuuc
421 4127 534 4176 eorum
556 4112 720 4198 regionem
747 4107 941 4176 inhabitare,
972 4118 1064 4190 putet
1093 4107 1155 4168 Lu·

769 4210 795 4273 P
823 4225 845 4272 9
