2634 4716
198 393 252 452 nt
280 391 420 458 rorat.
449 393 559 453 uer.
598 382 635 454 1.
654 395 680 473 e
700 422 703 427 -
722 392 870 459 cm-
911 394 991 466 eri
1053 402 1117 477 ln

108 586 171 633 earn
186 567 227 632 ab
241 569 311 632 eiue
329 546 683 634 auctoresacerdotium
705 581 870 652 tamquam
886 569 1115 633 hereditarium

108 671 218 742 rueiit.
243 673 335 731 utin
349 654 420 732 aliie
436 667 570 741 solebat,
596 671 682 752 quod
705 673 862 756 exemplis
883 648 998 755 probdrt
1017 670 1116 753 Span-

108 790 167 836 em.
192 772 231 834 ad
248 771 438 835 callimach.
464 772 499 833 iu
518 772 595 834 Pau.
616 793 649 836 r.
671 782 730 853 34.
783 773 984 837 succurritur
1004 784 1115 835 autaut

108 872 192 944 lelae.
215 872 237 933 sa
251 873 446 936 Branchidae
460 868 626 954 oppidum.
650 874 705 936 vel
720 875 828 938 locum
844 871 934 937 fuille
950 887 1115 958 putemur.
1134 900 1136 904 ’

108 976 165 1038 aod
185 994 254 1038 uon
277 973 382 1035 solum
401 974 578 1036 admittunt
595 974 694 1036 multa'
709 976 795 1049 loca.
822 974 875 1037 sed
890 990 924 1037 et
943 974 1113 1059 pullulant.

107 1096 126 1138 a
147 1077 236 1139 enim
254 1075 448 1137 Branchidae
470 1074 667 1139 Milesiorum
689 1077 768 1138 dicit
789 1077 973 1140 Herodotus
997 1097 1027 1148 r.
1050 1093 1112 1156 92.

108 1179 134 1264 ᾗς
152 1173 325 1264 Μιλησίας.
367 1178 415 1241 lta
428 1175 597 1240 Pausaniae
612 1191 647 1254 7.
665 1191 697 1257 5.
715 1196 749 1242 a.
770 1174 959 1267 Βραγχίδαο
976 1178 1035 1264 πῆς
1050 1179 1115 1240 Mr-

108 1276 209 1366 5efe5‚
235 1280 386 1360 idemque
403 1291 436 1356 5.
452 1293 486 1354 7.
502 1293 537 1359 3.
562 1275 651 1342 κατα
670 1275 866 1369 Βραγχίδας
889 1280 1051 1363 Alpheum
1072 1299 1115 1342 eat

109 1399 159 1443 rra
186 1400 348 1465 emergere
379 1377 487 1445 refert.
545 1379 645 1445 Porro
678 1382 828 1446 Seleucea
853 1377 885 1446 ὲν
908 1375 1116 1469 Βραγχίδαις

108 1483 239 1545 taculum
256 1479 443 1544 consuluisse
456 1478 553 1543 refert
567 1483 703 1547 Diodor.
724 1484 787 1547 Sic.
811 1493 866 1563 19.
883 1500 944 1562 90·
970 1501 1114 1564 proquo

108 1587 213 1668 ppian.
234 1585 268 1644 in
284 1586 353 1663 Syr.
375 1602 402 1646 c.
422 1570 482 1661 56ss
507 1581 623 1654 scribit,
652 1582 836 1668 responsum
853 1583 954 1647 tulisse
968 1577 1000 1648 ἐν
1019 1579 1115 1648 Διδυ-

108 1685 174 1767 εὲῳ,
209 1686 278 1757 vel,
312 1699 350 1746 ut
371 1685 657 1769 Schweighaeuser.
687 1687 804 1758 edidit.
836 1681 867 1750 ἐν
886 1681 1051 1774 Διδυμὲως
1071 1683 1140 1750 sc.'

108 1784 230 1870 aurelp.
283 1786 371 1847 Turn
393 1788 443 1846 uti
466 1782 497 1849 ἐν
515 1782 718 1874 Βραγχίδαις
735 1789 862 1860 dicitur.
886 1790 931 1848 ita
953 1789 1050 1849 etiam
1071 1787 1115 1851 de

108 1890 193 1952 »dem
215 1887 340 1950 oraculo
364 1881 395 1949 ἐν
417 1878 587 1974 Διδύμοις,
619 1901 656 1950 ut
674 1890 753 1950 illud
778 1891 819 1951 de
838 1889 988 1973 Apolline
1011 1888 1117 1952 Hero·
1164 1952 1167 1962 Ι

108 2003 224 2058 acuar.
244 2002 325 2064 157.
348 1986 409 2049 hoc
423 1985 588 2050 Pausaniae
605 2005 639 2057 α.
659 2008 713 2059 ao.
727 2000 763 2068 4.
787 2006 820 2066 7,
838 2007 872 2059 a.
887 2001 922 2070 4.
946 1991 1063 2070 inquo
1080 2002 1116 2052 et

108 2104 212 2152 terum
232 2089 348 2174 legitur
365 2097 398 2163 8.
419 2089 481 2168 46,
503 2105 538 2151 a.
588 2086 651 2151 Sed
674 2103 706 2151 et
727 2104 834 2171 aperta
862 2086 1051 2177 Βραγχίδαι
1071 2091 1115 2154 de

108 2190 291 2277 oerdotibue
312 2188 480 2273 usurpatur
495 2189 577 2273 apud
594 2188 747 2253 strabon.
762 2200 817 2270 14.
835 2211 868 2273 p.
884 2192 969 2270 456.
987 2189 1008 2251 sl
1027 2191 1115 2270 634.

108 2293 209 2355 eidam
223 2292 255 2354 h.
276 2311 310 2356 v.
360 2290 488 2354 Postero
506 2278 614 2353 autern
636 2304 786 2373 tempore
804 2292 892 2353 locus
914 2292 967 2354 ille
991 2304 1024 2354 et
1046 2311 1116 2353 ora-

108 2396 189 2456 rlum
211 2394 335 2454 dictum
357 2391 401 2455 ell
420 2390 586 2474 Didyma.
617 2391 805 2456 Branchidis
831 2392 954 2476 templo
981 2393 1113 2475 prodito
1206 2378 1211 2393 ⁸

108 2516 152 2558 uu
171 2498 273 2557 Xerxe
295 2492 517 2578 fugientibue.
536 2491 670 2576 (Strabo
689 2513 717 2557 c.
740 2494 763 2558 l.
794 2496 875 2556 item
896 2515 952 2557 ιι.
975 2512 1008 2577 p.
1027 2495 1115 2572 356.

117 2594 224 2679 518.)
274 2596 317 2658 dt
333 2592 521 2657 remanserat
542 2594 794 2658 Branchidarum
816 2594 915 2669 fama,
947 2595 1114 2679 quareipli

108 2693 188 2761 illim
210 2698 364 2777 Didymie'
382 2691 521 2759 babitare
541 2697 707 2768 dicuntur.
735 2699 838 2761 veluti
860 2700 894 2758 in
914 2697 1011 2760 Suida
1024 2697 1059 2761 h.
1076 2717 1127 2763 v.
1222 2694 1227 2703 “

108 2800 227 2865 ononis
241 2813 353 2860 narrat.
366 2800 426 2878 55.
451 2797 510 2858 ubi·
520 2799 560 2860 de
569 2797 731 2860 Branchua
744 2799 785 2864 ab
800 2799 949 2882 Apolline
964 2795 1122 2875 ἐπίπνους
1203 2831 1205 2835 ·

108 2902 233 2986 curturis
259 2884 402 2984 γέγονὼς
425 2895 456 2963 ἐν
482 2893 651 2988 Διδύμοις,
682 2901 734 2982 τῷ
757 2898 891 2989 χωρίῳ,
923 2901 1115 2962 vaticinatur

108 3001 139 3067 le
160 3016 309 3065 narratur.
347 3002 481 3083 Proprie
497 3015 603 3064 tamen
617 3004 715 3084 priua.
733 3021 750 3063 a
764 3001 851 3079 Mela
866 3001 999 3065 relatum
1016 3000 1114 3065 valet.

107 3116 173 3195 aree
194 3117 300 3166 autem
324 3104 472 3184 exequie
494 3120 646 3186 vaporem
667 3102 865 3167 hauriebant.
885 3103 1115 3190 (lamblichus

108 3206 259 3285 emyster.
275 3208 349 3289 Aeg.
369 3220 402 3283 3.
421 3223 476 3269 rr.
492 3207 536 3268 in.
562 3202 601 3267 cf.
617 3204 752 3287 pollen)
800 3205 893 3267 Plura
907 3204 949 3265 de
965 3203 1113 3266 Brancho

108 3305 385 3369 :Branchidarum
412 3307 545 3368 oraculie
567 3306 689 3366 dabunt
707 3307 891 3390 Boulenger
914 3307 954 3367 de
977 3305 1113 3367 oraculis

108 3410 260 3471 ;vatibue
282 3427 308 3470 c.
328 3426 363 3488 9.
389 3420 422 3471 et
437 3407 581 3471 Oleariue
596 3408 635 3467 ad
650 3405 829 3471 Philostrat.
844 3418 881 3486 4.
903 3428 932 3472 ι.
953 3427 985 3491 p.
1005 3416 1088 3486 14⁰·

155 3608 379 3694 Didymei)
428 3608 559 3674 Nomen
574 3629 590 3669 a
606 3607 919 3692 Didymaductum,
941 3610 983 3672 de
996 3607 1115 3691 quibua

108 3732 157 3777 tec
176 3713 372 3794 Stephanus:
405 3707 534 3799 Δίδυμα
559 3707 731 3799 οὐδετέρως
754 3708 855 3788 τόπος
878 3708 935 3775 καὶ
961 3709 1113 3798 μαντεῖον

108 3811 254 3900 seldene.
287 3812 507 3901 ἁφιερωμένοο
527 3811 585 3873 Διῒ
604 3807 659 3876 καὶ
680 3809 871 3879 Ἀπόλλωνα
923 3814 976 3875 Sic
995 3812 1115 3875 Conon

125 3918 148 3981 l.
170 3912 292 4003 χωρίον
315 3928 424 3985 vocat.
462 3929 501 3976 et·
527 3916 687 3997 ternplum
712 3917 870 3999 Apollinie
895 3927 929 3977 et
952 3915 1115 3977 oraculum

108 4018 232 4098 lidynaia
248 4014 336 4080 suille
355 4015 451 4081 refert
472 4014 601 4079 Pausan.
617 4032 650 4091 7,
669 4032 702 4085 a.
717 4029 753 4097 4.
789 4019 893 4100 Atque
911 4015 989 4079 hinc
1004 4013 1113 4097 passam

108 4121 166 4204 pud
188 4137 317 4181 aucoree
340 4114 371 4182 ἐν
393 4107 546 4209 Διδύμοις
567 4115 635 4194 τοῖς
657 4115 827 4207 Μιλησίων
845 4119 980 4190 dicitur.
1012 4117 1114 4179 veluti
