2634 4716
229 398 298 457 ne,
375 394 391 463 χ
498 381 665 445 noran
704 381 1011 443 nxnoarrcar
1114 386 1120 397 “

224 560 288 627 auli
305 557 412 623 rerlua
427 557 692 643 septemtrionem
710 558 934 643 pertinuerint,
960 570 993 620 et
1006 574 1106 640 quem
1122 565 1275 619 montem

223 677 350 727 veteres
372 680 448 725 vere
467 675 500 725 et
519 675 662 725 accurme
679 661 841 724 Atlantem
859 661 1010 724 dixerint.
1060 657 1216 743 Conlegit
1236 676 1276 725 ea

222 765 321 831 Shaw
340 787 372 848 p.
395 784 451 828 tr.
469 783 497 829 c.
521 764 543 827 l.
574 763 633 845 qui
652 762 699 825 ibi
722 761 834 826 liniille
856 763 1014 825 existimat
1035 760 1276 824 Mauretaniam

222 882 258 931 et
283 866 491 953 Numidiam,
527 865 587 926 uhi
608 865 642 928 h.
664 862 856 947 Μάνης,
895 863 1065 945 Wurlagh
1089 876 1123 925 et
1152 858 1276 925 Arabes

222 967 303 1031 dicti
323 967 475 1031 Beduini.
526 968 620 1031 idern
634 968 698 1040 ihi,
724 987 805 1051 quae
821 967 863 1030 de
877 967 1044 1049 utriunque
1063 964 1273 1049 longitudine

222 1068 377 1154 leguntur
402 1071 437 1130 in
456 1068 658 1141 auctorihua,
692 1083 729 1130 ut
751 1069 862 1131 Plinio
883 1082 917 1149 5.
944 1087 975 1132 a.
997 1066 1020 1132 l.
1037 1081 1073 1131 Ω.
1110 1064 1274 1139 Martiano

220 1167 352 1255 Capella
368 1172 424 1234 lib.
434 1171 468 1235 6.
482 1192 514 1253 p.
525 1173 608 1237 216.
625 1172 788 1257 leguntur,
804 1172 949 1256 pluribur
963 1170 1150 1252 disputavit.
1181 1168 1274 1233 auae

223 1292 304 1335 vero
326 1272 543 1335 Mauretaniae
565 1275 754 1346 divisiones,
777 1275 884 1359 yeluti
905 1274 1102 1343 maritimae,
1131 1260 1272 1333 Galia·

221 1396 284 1437 rrae
305 1375 345 1436 ad
366 1373 572 1458 posteriorem
594 1391 732 1438 aetatem
752 1377 929 1458 pertinent.
978 1373 1161 1458 Pomponii
1178 1370 1273 1434 Mau·

220 1477 378 1539 retauiam
402 1476 573 1559 complecti
594 1478 693 1541 hodie
716 1491 832 1560 putant
852 1496 949 1563 regna
972 1474 1087 1539 Feret
1111 1474 1272 1539 Mnocco

221 1578 381 1641 Graevius
398 1578 467 1641 MS.
491 1591 525 1641 et
546 1580 656 1642 Poiret
678 1580 713 1639 in
731 1600 855 1665 voyage
877 1599 919 1641 en
942 1576 1100 1658 barbarie,
1125 1573 1272 1641 diloeurr

219 1679 455 1764 preliminaire;
488 1681 575 1762 quod
595 1701 635 1742 ex
658 1682 755 1744 rarlia
769 1680 960 1749 notionibus
973 1693 1007 1743 et
1029 1679 1180 1743 terminia
1201 1677 1271 1764 regi

219 1781 328 1845 dehet.
381 1781 533 1845 Maxnnu
559 1780 669 1844 insulis
692 1784 777 1844 miro
801 1802 908 1845 errore
930 1782 1120 1845 adnumerat
1142 1780 1271 1865 Hygia.

217 1880 283 1946 iah.
301 1882 387 1955 976.
411 1896 446 1943 et
466 1885 500 1943 in
521 1884 659 1944 circuitu
678 1885 725 1958 76
745 1883 838 1946 mdia
856 1883 975 1959 habere
988 1883 1090 1957 dicit.¹
1130 1882 1215 1945 Eine
1235 1894 1270 1945 et

217 1982 395 2049 Numidiae
410 1981 572 2069 historiam
592 1983 739 2067 expoluit
754 1984 866 2065 Belley
882 1985 916 2046 in
936 1982 1006 2047 hist.
1022 1985 1063 2047 de
1077 1982 1267 2063 l'acadentie

159 2090 162 2095 '
216 2086 275 2149 eles
297 2083 406 2148 inlcrr.
429 2102 485 2134 -·
502 2088 542 2151 de
556 2084 646 2171 Paria
662 2088 703 2149 T.
715 2098 773 2167 58.
791 2107 824 2169 p.
840 2104 888 2167 99
905 2085 967 2168 sqq.
1009 2088 1061 2149 De
1075 2084 1268 2159 Maurorum

216 2187 362 2253 motibus
384 2184 465 2249 infra
493 2191 524 2268 ς.
546 2197 582 2266 4.
635 2188 675 2251 In
697 2190 807 2251 numia
829 2202 961 2274 propter
985 2185 1144 2266 lumniam
1167 2206 1267 2270 equo·

121 2298 131 2335 ν’
214 2309 290 2359 rum
310 2288 548 2375 praestantiam,
573 2286 713 2356 maxime
738 2290 962 2360 velocitatem,
986 2286 1048 2369 (cl.
1071 2288 1187 2357 Strabo
1210 2303 1266 2365 ιη.

215 2413 249 2476 p.
260 2394 345 2471 569.
360 2390 500 2471 hena.)
521 2412 641 2473 equum
654 2392 751 2467 hahet
764 2392 957 2476 adpositum.
975 2392 1030 2453 vel
1043 2390 1265 2474 elephantum.

216 2494 290 2556 Vid.
316 2493 450 2555 Petinus
472 2494 506 2552 in
529 2491 681 2556 numism.
699 2496 817 2577 impet.
840 2496 881 2557 lt.
903 2515 936 2576 p.
955 2512 1040 2572 191.
1069 2506 1104 2569 et
1121 2494 1264 2561 omnlino

213 2593 335 2659 natue
348 2596 383 2654 in
400 2593 588 2658 Lemnum.
602 2595 643 2657 T.
660 2609 693 2676 5.
708 2596 748 2659 P.
767 2615 799 2660 r.
820 2617 853 2679 p.
869 2608 969 2676 3820
985 2592 1027 2678 tq.

293 2793 519 2877 Mulucha)
570 2795 619 2856 Ita
645 2811 679 2859 et
704 2798 790 2860 Plin.
812 2810 847 2876 5.
872 2818 903 2863 1.
924 2797 947 2862 l.
972 2814 1006 2861 Ω.
1041 2795 1166 2862 Sallust.
1189 2798 1282 2884 lug..

219 2912 276 2967 ra,
301 2908 334 2974 5.
363 2897 493 2979 aliique.
545 2897 693 2962 Straboni
725 2914 781 2974 17·
809 2922 843 2982 p.
863 2903 947 2980 569.
973 2899 992 2962 i.
1016 2911 1102 2977 327.
1129 2912 1163 2964 et
1191 2898 1263 2983 poll

212 2993 410 3082 Μολοχάθ,
450 3000 486 3059 in
517 3019 583 3080 quo
610 2994 878 3085 Mallaesylinruru
903 3016 936 3065 et
963 3002 1155 3071 Maurorum
1180 3002 1261 3089 linea

213 3102 389 3163 constituit.
449 3097 628 3186 Μολοχιίθ
651 3103 695 3165 eli
716 3107 813 3166 etiam
835 3105 871 3175 in
891 3104 1078 3167 Ptolemaeo
1102 3114 1138 3183 4,
1167 3123 1199 3167 a.
1225 3114 1260 3166 et
1283 3168 1286 3179 ,

78 3223 88 3247 .
213 3203 365 3283 deinceps
378 3201 518 3275 Malao,
541 3225 605 3285 quo
628 3208 778 3267 terminat
796 3205 1028 3269 Mauretaniam
1047 3205 1258 3291 Tingitanam

211 3318 247 3367 et
268 3301 517 3377 Caesariensem,
547 3309 597 3369 uti
621 3305 743 3369 iaciunt
765 3307 893 3370 Orofiue
918 3323 1003 3383 ista.
1043 3308 1203 3387 Antonin.
1221 3308 1258 3369 in

211 3405 318 3467 itiner.
342 3425 375 3485 p.
396 3420 452 3470 aa.
466 3407 593 3481 Wellel.
628 3410 782 3481 Aethione
802 3409 836 3470 in
855 3408 1021 3494 Colmogr.
1039 3429 1075 3491 p.
1093 3423 1181 3490 752.
1204 3408 1258 3477 ed.

213 3506 360 3569 Gronov.
383 3506 422 3568 ad
445 3509 563 3587 calcem
584 3509 701 3576 Melae.
753 3512 840 3585 Hinc
861 3531 946 3583 vero,
963 3512 1104 3575 eundem
1124 3512 1258 3593 quidam

210 3621 380 3693 putarunt,
420 3611 525 3671 veluti
551 3627 695 3679 auctores
728 3613 873 3676 historiae
899 3611 1072 3679 catholicae
1097 3613 1170 3679 Vol.
1197 3613 1257 3681 ιδ.

210 3696 349 3797 pagg.
390 3711 507 3773 attrei.
532 3715 572 3776 aa
597 3715 733 3780 curbae
758 3750 803 3762 -
827 3714 937 3778 aanor.
962 3715 1033 3779 vn.
1049 3731 1092 3795 ‚n
1116 3736 1149 3798 p.
1171 3728 1255 3797 ιω.

210 3816 251 3876 ln
265 3812 372 3874 Plinio
389 3823 496 3894 tannen
514 3827 545 3892 5.
569 3837 598 3880 r.
614 3814 635 3877 l.
655 3832 688 3881 o.
708 3817 748 3879 ab
764 3817 820 3877 illo
834 3817 1026 3893 discernitur
1039 3817 1258 3900 etffllllaluoua

210 3928 363 3985 vocatum
388 3925 426 3997 ut
443 3918 589 4000 anteana
605 3918 904 3981 PtolemaeiMalua
923 3921 1046 3983 notavi.
1084 3919 1129 3981 At
1146 3940 1188 3999 eu¹
1203 3938 1257 3985 eo·

210 4017 286 4078 dem
312 4016 500 4081 Ptolemaeo
523 4019 689 4083 difficultas
713 4020 880 4093 obiicitur,
913 4021 1000 4103 quod
1014 4021 1123 4106 sagam
1139 4021 1274 4111 urbem¹

208 4117 280 4203 poll
300 4115 491 4197 Molochath
510 4133 545 4184 et
561 4120 701 4205 Portum
719 4122 876 4211 Magnum
897 4125 1045 4207 panitae
1060 4122 1138 4201 hinc
1152 4124 1257 4203 aliurn
