2634 4716
262 378 746 441 rurour.uur..1.1.
790 381 1041 454 oxu-ru
1114 384 1179 457 ott
1263 366 1304 397 '¹

131 555 220 619 unda
240 554 393 618 iactatum
418 540 627 639 proverbium
652 549 699 643 μὴ
722 553 790 641 εἰκῆ
820 553 863 631 εἰς
884 549 943 642 τὴν
961 548 1107 632 Ἄβυδον
1129 551 1170 616 so.

131 655 265 737 πατεῖν,
297 658 385 740 quod
406 658 494 719 addit
516 657 708 739 Stephanus.
749 658 821 720 vid.
846 658 886 719 de
904 677 943 719 eo
966 659 1116 721 schottus
1137 656 1172 717 iu
1238 702 1243 723 .
1304 728 1311 749 p

130 759 283 843 proverb.
307 759 362 821 Gr.
390 778 422 841 p.
443 778 473 823 t.
498 770 582 838 994.
605 771 638 820 et
663 771 748 837 303.
785 759 941 822 Pontinua
969 762 1008 822 ad
1031 756 1170 840 Apostol.

130 879 165 945 Ρ.
182 869 267 939 943.
299 860 482 922 Eussathiut
496 863 535 923 ad
550 846 685 923 Homor.
706 862 745 924 ll.
763 878 797 933 2,
813 862 898 940 836.
915 881 947 943 p.
963 882 1007 926 m.
1026 861 1110 940 336.
1138 869 1172 921 et
1297 928 1304 947 ,Α

130 982 213 1044 quae
228 962 273 1024 ibt
290 983 329 1023 ex
341 962 410 1025 aliis
426 962 688 1026 addiditPolitut
705 964 747 1025 T.
765 981 798 1027 9.
819 984 853 1046 Ρ.
867 978 936 1038 771
955 962 998 1044 sq.
1024 964 1063 1025 de
1079 962 1171 1022 luxu·

130 1064 178 1126 ria
200 1065 234 1125 iu
258 1065 370 1146 primia
390 1063 613 1127 Athenaeuao.
630 1065 652 1126 1.
703 1064 803 1127 Multi
820 1084 925 1125 uuum
948 1066 1046 1128 exiit
1069 1061 1171 1126 castris

131 1164 193 1229 offe
209 1178 338 1247 putant,
364 1185 443 1248 quae
459 1167 560 1250 vulgo
573 1164 796 1229 Dardanatten
816 1180 983 1231 vocantur.
1026 1168 1068 1229 At
1084 1164 1170 1227 nulla

132 1267 179 1329 ibi
195 1265 432 1349 conspiciuntur
446 1268 568 1339 rudera,
585 1288 645 1330 neo
659 1269 693 1329 in
709 1265 782 1331 freti
798 1264 1012 1352 augustiffimo
1029 1270 1102 1329 loco
1118 1265 1171 1328 itta

130 1369 232 1451 polita
250 1366 340 1439 funt,
375 1368 431 1430 ubi
460 1383 570 1431 coutra
603 1368 747 1432 saxorum
779 1373 891 1432 rudera
921 1370 1170 1451 conspiciuntur.

130 1471 205 1537 vid.
223 1471 350 1554 Dapper
370 1469 498 1535 Bofchr.
522 1491 590 1534 von
612 1472 704 1534 Afien
726 1493 758 1554 p.
777 1487 862 1551 937.
887 1484 918 1533 et
940 1471 980 1533 de
999 1467 1172 1554 l'Arohipel
1241 1456 1245 1467 ’

130 1592 164 1655 Ρ.
182 1566 268 1654 433.
289 1592 329 1635 ex
343 1573 479 1656 Sponio.
506 1574 591 1636 Cum
606 1592 700 1657 porro
712 1574 825 1639 Strabo
839 1587 894 1651 15.
912 1594 945 1656 p.
957 1571 1073 1652 4094
1084 1583 1170 1652 393.

130 1673 299 1737 Rhodium
325 1672 361 1737 ss.
388 1677 440 1752 (h.
469 1675 586 1754 chata)
617 1677 701 1738 inter
732 1677 881 1757 Abydum
913 1689 946 1736 et
975 1675 1172 1743 Dardanum.

130 1795 211 1858 quae
229 1776 322 1838 urbas
337 1776 490 1839 distabant
508 1779 651 1841 invicem
670 1794 716 1853 70
736 1777 849 1847 stadiis,
871 1778 905 1837 in
923 1794 1009 1838 maro
1025 1775 1173 1843 deducat,

132 1878 189 1958 qui
204 1894 290 1937 nunc
306 1880 390 1941 inter
409 1898 512 1939 unum
534 1880 664 1941 illorum
681 1878 852 1940 castrorum
868 1874 986 1948 effluit,
1014 1875 1102 1939 facile
1120 1875 1173 1936 od·

132 1990 238 2059 paret,
264 1996 360 2058 quam
379 1975 451 2039 falfa
471 1978 509 2039 fit
526 1980 664 2062 vulgarit
686 1980 737 2043 illa
757 1980 880 2062 opinio.
914 1979 984 2040 Vid.
1006 1998 1084 2060 quae
1110 1977 1173 2038 dio·
1200 2042 1207 2053 ,

132 2075 298 2141 [eruerunt
320 2078 359 2138 du
381 2078 441 2139 suu
462 2077 612 2141 Pococke
633 2081 675 2143 T.
693 2093 726 2156 3.
745 2099 778 2160 p.
797 2091 879 2157 151.
905 2092 939 2141 at
957 2078 1116 2141 d'Auville
1137 2079 1173 2139 iu

131 2175 229 2242 deser.
251 2177 291 2241 do
316 2176 534 2260 l'Holletpont
555 2181 589 2239 in
613 2179 787 2242 Memoiroa
810 2208 859 2224 -
881 2180 922 2242 do
942 2179 1031 2241 Parit
1049 2181 1090 2244 T.
1112 2189 1171 2256 93.

131 2301 165 2365 p.
183 2276 278 2361 333(
292 2281 347 2362 qui
368 2280 522 2360 Abydum
543 2279 656 2342 ueuffe
675 2282 754 2344 olim
775 2294 886 2364 putat,
919 2279 976 2340 uhi
994 2299 1080 2342 nuno
1101 2297 1174 2363 pro·

131 2383 237 2446 minet
254 2380 361 2444 [axum
379 2381 512 2467 Nagara.
529 2374 532 2396 '

209 2575 511 2678 Lampsacum)
561 2585 616 2648 Gr.
642 2576 885 2674 ἧ-Λᾶμψακος,
920 2599 957 2646 ut
982 2586 1173 2668 plerumque

132 2687 261 2759 Latini,
286 2689 341 2769 qui
359 2700 464 2749 tamen
487 2699 602 2750 neutro
618 2688 715 2749 etiam
735 2706 852 2772 genero
870 2687 1026 2758 efferunt,
1050 2687 1091 2750 da
1107 2703 1172 2769 quo

133 2789 258 2851 dictum
272 2789 316 2851 ast
337 2789 371 2849 iu
392 2788 479 2851 notia
496 2790 565 2851 orit.
589 2810 622 2872 p.
640 2790 724 2864 561.
777 2779 1173 2880 Gentile'Lampsoaenuu

133 2888 244 2974 paffirn
259 2892 367 2960 etiam,
392 2890 479 2971 quod
497 2890 602 2950 omifit
617 2890 807 2972 Stephanus,
830 2880 1055 2981 Lampsaoius.
1097 2888 1171 2953 Vid.

97 2986 101 2993 ’
134 2991 273 3053 Martial.
293 3011 349 3061 tr,
371 3006 425 3064 17.
452 2991 579 3052 Gruter.
595 2989 685 3052 infer.
696 3010 759 3070 p.9
765 3005 797 3068 5.
824 3005 856 3052 et
871 2990 989 3073 Cuper.
1005 2992 1043 3051 ad
1055 2992 1173 3053 calcent
1286 3022 1289 3029 ·

133 3089 299 3174 apotheos.
314 3090 450 3152 Homeri
467 3111 498 3172 p.
512 3107 598 3171 999.
627 3092 797 3171 Antiquiua
812 3110 934 3153 nomon
950 3088 1012 3152 tuit
1026 3083 1175 3181 Pr'tyuffir
1273 3122 1278 3135 =

134 3191 263 3274 (Strabo
284 3206 338 3271 ¹3·
363 3202 498 3274 9405.
523 3190 544 3254 f.
563 3200 646 3272 539.
671 3190 831 3273 ᾙΙιιῑειὼ.
848 3192 889 3255 de
910 3193 1022 3254 virtut.
1046 3193 1172 3255 mulier.
1280 3196 1287 3207 ¹

133 3314 169 3378 p.
184 3305 245 3374 49.
273 3292 357 3376 ΟΡΡ.
376 3293 446 3355 Vot.
459 3308 491 3368 7.
508 3290 592 3375 Ltpt.
617 3288 797 3375 Stephanum
814 3293 847 3357 h.
860 3315 893 3358 v.
921 3294 1046 3357 Pliniua
1061 3304 1094 3372 5,
1110 3303 1172 3374 40.

136 3394 159 3459 t.
172 3397 246 3475 39.)
269 3395 406 3457 Homeri
425 3395 512 3481 149.
528 3406 613 3474 399.
632 3383 787 3458 Πιτύειαν
804 3394 875 3466 effe.
899 3416 973 3457 oum
989 3408 1079 3458 anton
1093 3397 1173 3457 Lao·

97 3490 100 3495 ’
129 3497 301 3562 -modontia
328 3495 503 3565 diceretur,
544 3516 584 3557 ex
615 3496 836 3578 Epaphrodito
861 3494 963 3579 refert
982 3498 1173 3579 Stephanu‘o.

135 3618 211 3661 cum
233 3617 299 3681 quo
317 3594 357 3659 cf.
374 3597 482 3660 Schol.
505 3597 668 3679 Apollonii
691 3599 730 3659 ad
754 3590 782 3668 i,
799 3613 885 3680 933.
908 3600 1003 3662 otiam
1021 3600 1060 3661 da
1077 3599 1174 3662 huiua

134 3702 278 3765 nominis
303 3698 407 3769 causa.
441 3698 590 3782 Orphem
617 3701 651 3760 in
677 3702 796 3784 Argon.
818 3722 849 3764 r.
872 3711 958 3780 434.
982 3700 1005 3765 f.
1027 3702 1115 3779 436.
1139 3712 1174 3762 ot

136 3801 281 3881 Etymol.
303 3799 353 3865 M.
377 3801 409 3862 h.
431 3821 464 3864 vt
509 3799 622 3864 Strabo
647 3813 754 3863 tamen
770 3816 830 3882 13.
852 3822 922 3887 pag.
940 3813 1029 3886 403.
1050 3800 1071 3865 s.
1088 3812 1172 3881 333.

136 3893 294 3967 Πιτύειαν
316 3919 333 3962 a
352 3898 520 3985 Lampsaco
543 3900 719 3986 distinguit,
746 3917 778 3965 et
797 3905 881 3966 iuter
896 3905 1046 3986 Priapum
1063 3917 1097 3967 ot
1116 3903 1172 3967 Pa·

130 4007 221 4070 rlum
246 4005 356 4085 ponit,
383 4001 589 4086 Lampsacum
608 4017 737 4073 notem,
772 4019 809 4066 ut
830 3996 922 4069 [oriar
945 4005 1057 4077 docet,
1089 4001 1174 4069 inter

136 4106 286 4189 Abydum
309 4117 342 4170 at
360 4105 500 4172 Parium.
547 4102 734 4196 Βεβρυκὶαν
754 4105 1042 4194 Lampsacouorum
1063 4105 1205 4193 ugrum
1298 4162 1301 4167 .
