2634 4716
63 372 68 387 '
122 383 186 459 ⁴³⁸
328 414 334 423 -
390 372 554 441 ttoratt
595 369 926 434 cranemere.
1012 380 1018 385 ·

124 567 159 619 et
177 553 219 616 de
239 569 325 615 nora
347 550 474 614 colonie
496 549 754 634 intelligendum.
790 547 850 613 (il.
874 546 1036 612 Herodot.
1052 564 1089 630 9.
1107 563 1169 632 97.

125 653 257 729 Panlau.
271 653 342 717 ci.
381 652 500 717 Conon
523 663 636 719 narrat.
664 666 697 714 c.
737 649 848 728 Sclrol.
873 652 1040 731 Apollonii
1067 652 1108 711 ad
1141 671 1169 721 ι,

132 758 238 825 1076.
266 755 387 818 Aelian.
404 754 441 817 V.
454 753 498 816 tt.
513 764 547 833 8,
565 764 598 831 5.
622 767 655 817 et
668 752 805 833 quaeibi
824 755 950 814 noterit
967 752 1169 823 Perizonius,

126 872 160 925 et
176 861 210 920 in
230 858 365 919 Hellene
381 876 412 940 p.
432 867 517 937 451.
542 856 596 935 (ln
614 852 774 916 Gronorii
792 851 871 917 rhet.
894 854 964 917 t'ot.
987 853 1067 934 ιι.)
1093 854 1170 914 vin·

126 959 267 1044 riingiue.
318 959 466 1041 Quarum
480 958 555 1021 ‚eine
578 972 691 1039 portur
712 953 845 1038 latioque
863 956 988 1037 amplo·
1007 968 1169 1016 memorat

125 1062 240 1127 Strabo
256 1078 284 1122 c.
300 1058 323 1120 l.
363 1057 477 1119 Multlc
495 1056 591 1120 rebus
612 1058 776 1126 inclaruit,
805 1059 947 1119 maxime
964 1057 1170 1119 coloniarum

126 1160 352 1230 multitudiue,
385 1158 426 1221 fic
445 1171 482 1219 ut
500 1158 624 1223 Plinius
640 1157 732 1240 snper
753 1172 800 1238 80
823 1159 954 1221 urbium
975 1180 1035 1243 per
1057 1172 1171 1219 cuncta

127 1259 227 1339 meria
246 1263 434 1345 genitricem
449 1273 555 1343 ¹vocet.
578 1260 633 1321 etii
646 1262 764 1329 Seneca
781 1262 815 1321 in
830 1259 997 1324 consolad
1014 1261 1169 1333 Helviam

127 1384 195 1445 cap.
217 1363 252 1426 6·
272 1374 318 1439 ¹75
336 1363 492 1441 (at-70.)
514 1360 622 1425 habet.
661 1362 784 1423 Effudit
801 1364 890 1423 enim
910 1364 1045 1425 colonos
1062 1364 1097 1422 iu
1121 1375 1171 1424 to·

127 1480 200 1527 tum
232 1464 394 1525 Euxinum
428 1464 589 1534 Pontum,
623 1462 856 1544 Propontidem
890 1477 924 1526 et
952 1464 1029 1526 aliar
1061 1477 1169 1536 terrae,

127 1565 262 1645 (Strabo
278 1585 307 1628 c.
321 1566 365 1642 l.)
390 1565 431 1628 de
453 1566 569 1646 quibu·
591 1565 657 1626 rid.
677 1564 849 1646 Spanhem.
866 1566 907 1625 de
927 1564 983 1627 uin
998 1595 1049 1609 --
1074 1587 1167 1628 num.

127 1670 169 1732 Τ.
191 1688 221 1732 ι.
244 1687 278 1749 p.
300 1678 383 1743 575·
409 1679 443 1728 ar
465 1668 499 1727 tn
516 1665 680 1750 ,sugunt
698 1666 809 1727 utun
833 1666 873 1726 aa
896 1665 1010 1729 nuno
1034 1652 1169 1749 unqu·

125 1767 239 1831 incolit
261 1769 401 1846 (¹79⁰·)
423 1765 646 1829 uambactrtur.
695 1768 864 1829 Accedunt
879 1769 966 1831 cirea
980 1770 1067 1838 clari,
1090 1788 1168 1850 qno·

126 1890 199 1933 rum
225 1870 348 1950 aliquot
375 1867 488 1930 Noster
520 1867 682 1950 producit.
732 1868 894 1930 Laudatur
926 1890 1023 1950 porro
1050 1872 1167 1932 orium

126 1974 277 2050 lanaeque
293 1969 492 2052 praestantia.
514 1969 553 2030 ad
572 1986 667 2050 quam
681 1969 805 2031 rrilurlit
821 1970 1021 2048 Marouion.
1036 1983 1097 2047 28,
1114 1993 1166 2036 to.

127 2075 189 2136 Seri
213 2073 301 2154 pluro
323 2070 444 2133 dabunt
462 2069 618 2133 Meuriiuc
632 2069 681 2131 -rd
703 2071 851 2152 Apollorr.
868 2070 995 2152 Dyscol.
1019 2094 1077 2156 cap
1109 2090 1166 2137 cc.

125 2190 161 2237 et
182 2175 217 2235 in
239 2175 352 2256 primic
367 2171 528 2235 Fischerue
543 2172 578 2232 iu
594 2170 700 2232 indice
713 2171 893 2256 Palaephati
910 2173 932 2237 l.
949 2195 982 2238 v.
1005 2171 1168 2261 Μίλητος.

128 2276 227 2361 Quod
243 2276 337 2337 multi
353 2277 387 2335 in
402 2273 494 2337 Curia
507 2285 644 2355 ponunt.
663 2286 700 2332 nt
716 2273 826 2351 Scylax
839 2294 872 2357 p.
888 2289 946 2355 39.
964 2276 1063 2339 Hudt.
1101 2280 1167 2342 Sto·

127 2377 262 2462 phanur.
283 2378 527 2452 Ptolemaeus-5,
547 2392 578 2437 c.
604 2375 769 2437 Hierocles
781 2396 813 2458 p.
824 2377 910 2454 687.
930 2391 963 2438 et
979 2377 1045 2440 fere
1058 2399 1167 2442 recen·

127 2481 240 2548 tioree,
265 2479 299 2538 in
321 2479 360 2539 iia
383 2477 520 2538 maxime
536 2475 739 2545 Scholiassue.
771 2490 807 2539 et
824 2497 906 2559 quoe
927 2480 1048 2541 indicat
1068 2481 1168 2544 Mun·

128 2580 216 2643 ciret.
233 2580 270 2639 ad
289 2577 410 2662 Hygin.
432 2575 494 2640 fab.
515 2590 572 2655 14.
592 2596 632 2641 ex
652 2579 780 2659 antiqua
794 2576 914 2642 Carum
935 2578 1007 2642 rede
1029 2579 1167 2666 intelligi

126 2677 237 2762 potest.
272 2677 387 2759 Neque
402 2681 490 2741 enim
512 2679 587 2740 inde
601 2678 764 2761 duplicem
778 2679 904 2743 Cariam
922 2683 1041 2766 fingere
1062 2683 1165 2755 liceat.

127 2799 226 2841 unam
243 2780 326 2840 iuter
342 2781 465 2841 Ioniam
481 2792 513 2842 et
531 2780 669 2858 Lyciam.
694 2780 823 2842 alteram
845 2783 956 2846 Ioniae
976 2787 1057 2846 circa
1076 2786 1166 2847 ΜὶΙο·

128 2895 218 2949 tnrn.
239 2882 326 2961 quod
343 2901 360 2942 a
376 2879 502 2959 Ryckio
518 2880 663 2943 mouituc
677 2878 753 2943 fecit
768 2882 937 2945 Muncker.
955 2905 983 2947 c.
1002 2887 1023 2949 Ι.
1059 2886 1165 2948 Poste·

126 2983 203 3044 riori
236 2995 342 3042 tamen
371 2994 515 3063 tempore
542 2981 651 3043 Cariae
676 2982 861 3067 adscriptam
892 2982 998 3056 inille.
1032 3002 1068 3048 ut
1093 2989 1165 3052 aliu

127 3085 239 3147 Ioniae
255 3084 346 3145 urbes
367 3082 452 3144 Atiae
472 3079 700 3164 proconsulari.
727 3086 855 3167 adparet
872 3104 910 3146 ex
927 3089 1086 3151 Hierocle.
1126 3090 1164 3152 Ιιι

129 3187 357 3249 calamitatibus
384 3187 454 3246 eine
486 3182 583 3245 refert
611 3185 722 3247 Strabo
743 3206 770 3248 c.
794 3188 815 3247 l.
849 3192 1164 3272 expugnationemtt

128 3289 226 3350 Persia
247 3288 359 3352 factam
381 3287 552 3364 (Herorlot.
570 3285 603 3355 6.
626 3286 696 3370 ιθ.)
720 3288 848 3348 alteram
862 3288 900 3348 ab
919 3293 1097 3352 Alexandro
1115 3292 1163 3355 Μ.

129 3392 264 3468 (Atrion.
284 3391 324 3449 de
344 3408 415 3468 exp.
439 3408 468 3458 ι,
490 3405 544 3467 ι9,
562 3384 582 3449 l.
603 3389 675 3464 ιο.)
713 3389 794 3451 Aliae
809 3391 1032 3454 conversiones
1048 3414 1089 3453 ex
1111 3413 1164 3455 ru·

127 3492 267 3551 ctoribua
288 3491 441 3570 proponit
463 3490 651 3574 Vindiugius
667 3490 701 3548 in
719 3491 851 3553 Hellene
866 3509 892 3553 c.
909 3490 931 3554 l.
970 3494 1029 3575 lpli
1049 3495 1163 3557 utitem

128 3593 208 3653 oliui
225 3591 372 3651 valebant
386 3592 502 3652 robore
522 3605 556 3650 et
571 3589 778 3662 fortitudine,
804 3595 890 3653 unde
911 3595 1006 3655 etiam
1028 3586 1163 3685 ἄλκιμοι

129 3694 205 3754 dicti
226 3692 306 3754 [unt.
342 3690 394 3756 cf.
411 3690 571 3772 Aristoph.
593 3693 626 3752 in
648 3691 744 3753 l'luto
765 3709 923 3774 v.1nu3.
944 3713 977 3758 et
999 3699 1107 3769 1076.
1130 3712 1164 3759 et

128 3795 235 3858 Schol.
253 3793 290 3855 ad
307 3813 338 3856 v.
359 3808 463 3869 ¹003·
489 3793 665 3854 ubimulta
686 3795 810 3859 adtulit.
859 3796 932 3858 Post
947 3798 1033 3869 luxu,
1056 3802 1114 3879 qni
1130 3812 1163 3861 et

130 3897 163 3961 in
186 3896 393 3981 proverbium
411 3895 506 3965 uuit,
537 3894 696 3966 dialoluti‚
724 3898 953 3982 elanguerunt;
982 3912 1019 3959 ut
1038 3921 1078 3962 ex
1095 3903 1162 3963 ari·

130 3997 239 4059 stoteie
252 3995 347 4057 reiert
362 3997 500 4059 Eustath.
515 3997 553 4056 ad
569 3996 702 4059 Homer.
720 3997 757 4060 ΙΙ.
775 4016 833 4080 24.
849 4010 935 4079 444.
953 4021 985 4084 p.
1001 4013 1109 4082 1494.
1126 4004 1159 4067 6.

130 4099 237 4163 Hodie
253 4098 353 4163 ruini·
372 4097 511 4175 demersa
536 4098 636 4177 iacet,
668 4112 764 4183 nque
784 4101 893 4165 lacum
915 4102 1022 4168 vocari
1046 4119 1160 4189 purant
