2634 4716
259 397 313 457 rte
342 397 613 458 rouretum.
656 400 738 458 ct
781 399 914 479 pxrv.
1045 403 1109 477 452
1203 356 1211 367 “

69 570 248 655 explicatio.
274 591 480 638 rzscrrvctre.
517 575 605 659 Quid
622 576 659 638 sit
673 569 909 665 uucup'p‘dccsut
923 587 1040 638 notum
1053 573 1110 637 eil.

70 674 149 737 Non
172 674 379 756 adaquatum
401 687 528 737 tantum
549 675 667 759 lapsum
688 681 872 741 translatum
894 678 956 738 hoc
971 676 1110 741 eocabu·

69 777 156 845 lum.
182 779 408 838 verumetiam
425 777 464 838 ad
485 779 542 839 lari
562 781 721 860 quoddam
737 801 856 865 genus,
882 798 978 861 quem
995 765 1111 839 itidem

70 877 282 943 catarrhacteu
299 879 468 961 appellant.
507 879 796 964 Causampnomiuie
816 882 921 943 reddit
936 878 1111 958 Dionysrue

70 980 270 1044 Characeuua
290 980 323 1039 in
339 982 503 1050 lxevticie‚
531 983 699 1064 aliquando
716 1004 733 1053 a
748 983 842 1046 nobie
860 983 894 1042 iu
915 984 1019 1042 lucem
1039 997 1112 1061 pro·

71 1080 238 1144 duceudie.
272 1100 414 1144 vosarve.
464 1082 570 1145 Nimis
591 1085 652 1146 alte
668 1086 743 1147 inde
759 1085 893 1168 repetita
909 1083 951 1144 esi
966 1081 1112 1143 neminie

72 1181 178 1253 causa,
205 1195 237 1243 et
259 1180 341 1244 forte
364 1187 498 1245 notandi
522 1185 668 1266 Dionysii
690 1186 776 1249 causa
797 1184 950 1267 quaesita3
981 1184 1112 1265 propior

74 1283 173 1355 adest,
208 1304 302 1365 quam
326 1284 438 1345 Strabo
465 1286 612 1351 ossendit.
672 1288 763 1349 Idem
790 1289 830 1349 de
855 1286 1015 1366 catadupie
1042 1282 1113 1344 Nili

72 1385 202 1448 ooullat.
254 1385 368 1449 Strabo
396 1384 521 1448 cursum
546 1391 614 1451 eiua
643 1389 727 1450 inter
751 1388 879 1450 Olbiam
906 1400 939 1449 et
961 1386 1112 1469 Attaliartt

71 1487 231 1571 d⁰s¹8¹¹⁸¹3
265 1487 334 1568 1³⁰st
358 1486 487 1575 Olbiam
509 1505 542 1551 et
564 1480 713 1551 Attalium
737 1491 862 1552 Plinius
877 1500 909 1567 5,
934 1489 993 1551 26.
1011 1485 1030 1547 l.
1049 1470 1111 1562 27ss
1227 1484 1230 1489 ’
1312 1497 1314 1500 ⁴

72 1604 107 1653 et
128 1589 329 1650 Ptolemaeus
352 1604 385 1666 5,
407 1601 441 1665 5.
469 1610 541 1651 cum
569 1593 692 1674 periplo
715 1590 863 1656 Escurial.
896 1588 946 1651 sua
977 1591 1112 1671 quiaque

71 1684 290 1775 progressione
314 1704 431 1752 motua.
483 1693 591 1754 Hodie
615 1707 747 1756 vocatur
768 1693 915 1761 Dudem.
941 1690 1113 1767 (Mannert
1240 1678 1275 1699 ρ’

70 1813 105 1876 p.
129 1806 210 1868 129.
236 1793 289 1871 qui
307 1792 429 1881 adleget
451 1792 551 1856 Lucae
570 1792 683 1856 second
701 1815 823 1879 voyage
839 1795 880 1856 Τ.
903 1813 932 1856 ι.
950 1811 1016 1874 cop.
1032 1792 1113 1870 33.)

70 1893 128 1957 etsi
145 1891 293 1954 Pococke
309 1896 343 1953 iu
366 1892 471 1954 tabula
486 1895 567 1955 illud
590 1915 710 1958 nomen
729 1896 850 1979 oppido
865 1892 1022 1976 adposuit,
1052 1890 1113 1954 ser·

70 2008 149 2058 vato
170 2008 276 2054 vetere
300 1994 394 2054 fluvii
414 1996 558 2056 numine.

152 2146 253 2210 navi
259 2146 356 2224 geri
363 2145 383 2226 )
422 2145 505 2228 Quia
522 2147 554 2207 in
574 2145 668 2228 plano
686 2159 811 2207 tantum
828 2146 990 2208 celerrime
1006 2147 1113 2217 currit.
1138 2144 1142 2151 '

73 2269 150 2311 cum
165 2247 380 2310 Catatrhactee
401 2261 531 2328 propter
548 2250 732 2331 praecipites
747 2246 902 2330 lapsosex
918 2248 1012 2307 variie
1028 2246 1117 2305 colli·

10 2355 15 2423 ,’
72 2352 135 2412 bue
160 2350 314 2430 impediat
339 2349 591 2432 navigationem,
625 2350 757 2430 perinde
782 2363 820 2408 ut
844 2346 937 2408 Nilus
959 2348 1053 2408 etiam
1078 2347 1114 2407 in

76 2451 138 2513 suis
167 2451 349 2531 Catadupia.
386 2468 409 2510 1.
435 2451 742 2531 ortottovrstS„
776 2450 980 2529 Praecipitat
1005 2459 1114 2508 autem

75 2553 117 2614 de
138 2552 245 2612 sluviia
266 2565 397 2621 notum,
429 2565 467 2611 ut
488 2573 653 2630 praeceps,
685 2551 725 2613 de
750 2551 829 2612 mari
851 2551 948 2614 etiam
968 2549 1112 2612 incitato.

23 2688 26 2694 ·
74 2654 177 2718 Valer.
195 2653 293 2714 Flacc.
313 2663 347 2735 4,
366 2652 450 2730 656.
478 2653 595 2714 Lucan.
613 2663 646 2729 5,
664 2654 750 2734 649.

32 2785 35 2790 ’
150 2803 306 2886 Perga)
359 2804 414 2866 Gr.
438 2799 567 2891 Πέργῃ,
601 2805 686 2866 uude
711 2819 743 2867 et
765 2806 865 2885 Perge
886 2805 968 2887 apud
993 2802 1113 2887 Gebgr.

74 2910 223 2973 Ravenn.
242 2921 274 2977 a,
295 2916 349 2982 18.
375 2907 408 2966 in
427 2904 490 2967 tab.
507 2906 657 2990 Peuting.
676 2925 710 2985 9.
729 2906 763 2968 F.
797 2907 920 2967 Amaci
937 2904 987 2966 seu
1005 2906 1114 2987 potiue
1201 2929 1205 2937 ·

23 3086 25 3090 .
75 3009 115 3091 ab
131 3010 216 3071 ostile
231 3007 331 3070 Ceslri
347 3007 392 3069 oo
412 3005 514 3068 stadiie
528 3021 676 3068 removet
691 3006 802 3069 Strabo
818 3027 845 3068 c.
862 3007 884 3067 l.
910 3007 992 3068 etin
1014 3005 1115 3066 medi·

48 3094 227 3197 ,lemania
255 3110 337 3171 locat
362 3108 563 3169 Ptolemaeus
583 3120 614 3185 5,
643 3119 676 3184 5.
702 3108 829 3191 longius
858 3120 1001 3167 tamena
1024 3103 1115 3193 mariy
1192 3122 1195 3131 ·

77 3213 163 3295 quod
191 3211 269 3272 adeo
296 3210 383 3291 supra
411 3207 593 3290 Aspendum
620 3209 827 3291 producitur;
867 3208 981 3267 melius
1005 3207 1117 3283 Scylax

76 3334 110 3396 p,
129 3327 187 3391 59.
219 3313 364 3391 quicum
386 3308 454 3370 aliia
475 3308 651 3371 litoralibus
674 3309 805 3371 urbibue
827 3309 860 3368 in
882 3304 1010 3370 recensu
1030 3303 1115 3369 sacto
1196 3359 1200 3369 l

77 3415 257 3497 coniungit.
287 3410 371 3472 Nota
385 3409 428 3472 eil
440 3409 516 3472 urbe
532 3430 571 3470 ex
586 3409 891 3492 actibueAposlolor.
912 3422 966 3487 13,
988 3421 1042 3485 13.
1060 3416 1115 3486 ¹4·

77 3528 112 3577 et
135 3524 189 3592 14,
211 3526 268 3590 25.
302 3531 396 3592 quam
424 3512 552 3573 Paullus
581 3510 732 3596 ingreffue
756 3509 799 3573 eil
822 3511 860 3572 ad
885 3508 1115 3579 debellandam.

77 3617 165 3698 quod
194 3616 338 3684 videtur,
371 3611 622 3696 superstitionem
645 3615 679 3672 in
704 3613 794 3674 cultu
819 3612 949 3673 Dianae.
1000 3611 1116 3688 Lyciae

78 3716 223 3780 adscribit
244 3716 354 3793 Scylax
377 3735 408 3796 p.
428 3728 485 3794 59.
504 3712 603 3776 Hudl.
631 3727 664 3775 et
684 3712 723 3775 ab
741 3711 888 3796 Aspendo
909 3711 1118 3793 Pamphyliae
1224 3699 1231 3711 ⁶

78 3820 173 3880 urbea
195 3818 376 3882 exorditur,
403 3818 507 3896 quod,
530 3813 589 3875 nifi
607 3815 655 3875 illi
674 3834 815 3877 errorem
838 3814 1008 3875 obtrudere
1025 3812 1117 3881 velie.
1232 3813 1234 3819 '

79 3941 120 3983 ex
152 3920 257 3981 latiori
283 3917 397 3995 Lyciae
422 3917 560 3987 ambitu,
598 3936 660 3998 quo
687 3917 917 3998 olim-patuit,
951 3911 1118 3974 diiudicari

79 4022 194 4090 debet,
221 4021 268 4079 uti
284 4019 446 4079 Homerus
459 4016 665 4100 Pamphylioa
679 4020 826 4102 ignorat,
844 4027 878 4077 et
893 4017 1023 4094 Lyciam
1039 4013 1117 4077 Cili·

80 4126 146 4186 oiae
163 4121 318 4190 adnectit,
344 4121 385 4182 de
405 4135 471 4202 quo
492 4118 698 4209 aidalleyrte
717 4119 758 4185 td
772 4119 910 4184 Homer.
927 4116 966 4180 ll.
983 4131 1016 4188 Β,
1032 4127 1118 4194 877.
