2634 4716
279 406 333 465 tn
361 406 498 469 ΡΟΜΡ.
529 407 635 465 MEL.
678 409 761 469 L.1.
804 410 923 474 otti.
965 410 1045 483 Μ.
1125 426 1186 493 ¹9²

135 572 201 664 τὴν
226 580 297 665 ’τῆς1
314 573 432 667 χώρας
455 580 497 645 lc.
523 583 563 645 ad
588 584 710 664 Syrtim
733 588 897 648 minorem
921 587 1092 669 ptaedicat.
1133 580 1187 651 Cf.

134 682 213 746 Liv.
230 694 290 763 34,
307 682 367 755 62,
385 697 423 763 5.·

215 885 364 967 Leptis
388 885 552 970 attera)
579 882 671 986 Quae
690 888 937 971 cognominatur
949 910 1077 973 magna,
1098 886 1188 973 qnod

136 986 231 1053 addit
248 988 375 1052 Plinius
393 1003 427 1067 5,
441 1001 479 1069 4.
520 991 642 1055 Conna
661 994 696 1052 in
717 992 915 1074 obpoliti'one
931 992 1054 1055 diversa
1070 994 1189 1055 dicitur

136 1090 244 1153 altera
265 1091 306 1153 de
321 1090 442 1153 minori
462 1094 496 1152 in
514 1092 635 1155 Ootliee
655 1115 684 1163 t,
710 1109 769 1167 27,
793 1113 824 1158 t.
860 1096 1044 1158 Secundum
1061 1093 1188 1159 Strabo·

135 1211 216 1255 nem
234 1208 290 1263 17.
311 1214 342 1275 p.
358 1204 442 1272 574.
461 1192 482 1256 l.
503 1205 586 1273 855.
609 1198 721 1257 eadem
736 1198 820 1256 dicta
840 1199 938 1257 etiam
954 1196 998 1258 eli
1019 1197 1187 1275 Neapoli.

137 1294 255 1374 inquo
273 1292 432 1357 consentit
446 1295 649 1359 Ptolemaeus
667 1308 702 1376 4,
722 1311 754 1375 5.
773 1318 813 1359 ex
829 1301 890 1359 lide
906 1298 1025 1360 codicis
1039 1296 1187 1370 Palatini,

137 1414 217 1457 cum
234 1397 335 1480 vulgo
349 1388 517 1483 addetntti'
538 1393 592 1459 καὶ
613 1396 784 1483 Τρίπολις,
810 1419 904 1481 qnam
920 1414 1028 1461 tamen
1045 1401 1100 1460 alii
1114 1410 1187 1481 pto·

136 1498 284 1559 vinciam
300 1494 432 1569 laciunt‚
455 1498 556 1560 tribue
574 1500 706 1561 urbibus
722 1504 940 1581 compotitam,
967 1499 1186 1569 &assebru-

136 1611 189 1669 ια,
215 1599 314 1679 Lepti
333 1621 463 1680 magna,
487 1602 534 1659 nti
559 1603 690 1661 tradunt
711 1602 821 1663 llitlot.
845 1603 925 1685 orig.
954 1612 1009 1680 14,
1034 1612 1067 1678 5.
1094 1616 1128 1663 et
1145 1622 1186 1664 ex

136 1702 368 1765 emendatione
389 1702 529 1763 Salmalii
552 1704 682 1764 Solinus
702 1722 730 1764 o.
747 1716 806 1781 5⁰·
825 1701 847 1765 l.
871 1717 931 1778 27.
972 1705 1026 1765 Sic
1051 1703 1185 1783 Tripoli·

136 1814 223 1865 tana
237 1802 408 1882 provincia
424 1804 540 1867 dicitnr
556 1804 591 1865 in
605 1804 719 1867 Otoito
739 1824 769 1873 ι,
788 1824 821 1868 a.
848 1819 881 1866 et
895 1806 1053 1888 Eutropio
1069 1818 1102 1885 3,
1125 1816 1183 1885 13.

137 1902 162 1966 l.
190 1923 244 1966 io.
266 1906 364 1986 inqne
379 1924 415 1965 ea
432 1906 541 1986 Leptin
557 1909 705 1987 ponitur,
732 1907 899 1969 ubinamt
919 1924 986 1973 erat
1007 1910 1184 1991 lmperatnr

137 2006 291 2069 Severus.
326 2004 377 2068 cf.
395 2004 571 2070 Calanbon.
587 2009 625 2068 acl
642 2009 799 2090 Spartiani
813 2011 921 2071 Seven.
936 2027 963 2072 c.
985 2020 1038 2087 ¹8·
1076 2011 1185 2070 Muni-

138 2107 263 2190 cipium
281 2106 375 2171 Guttt'
394 2110 428 2169 in
443 2129 478 2171 ea
495 2125 766 2171 commemoratur
785 2109 823 2169 ab
841 2111 1007 2171 Antonino
1024 2113 1057 2169 in
1074 2112 1183 2175 itiner.

135 2230 172 2295 p.
197 2222 283 2291 519.
336 2210 385 2271 Ex
406 2229 470 2291 quo
494 2210 629 2272 Palatini
652 2210 771 2295 codicia
796 2211 891 2273 lectio
911 2212 1018 2293 potior
1042 2198 1183 2276 videnti.

135 2314 183 2379 At
199 2332 286 2375 nova
304 2302 499 2373 lta'bnalcitnr
514 2310 683 2374 difficultate
696 2332 734 2373 ex
749 2310 869 2382 Plinio,
891 2315 944 2393 qni
955 2314 1084 2395 Leptim
1101 2312 1184 2374 itanc

136 2435 155 2479 a
179 2412 316 2496 Neapoli
341 2414 523 2497 distinguit,
548 2416 703 2496 probante
720 2414 902 2484 flaminino,
928 2418 1088 2475 renitente
1112 2416 1186 2477 Cel·

137 2518 220 2579 lario
237 2518 270 2577 in
287 2516 404 2599 Geogr.
422 2527 486 2577 ant.
505 2525 542 2594 4.
560 2528 593 2595 5,
614 2528 647 2589 7.
697 2514 761 2577 Sed
782 2527 820 2576 ut
836 2516 959 2599 duplex
974 2514 1042 2583 ,luit
1062 2518 1183 2599 Leptin

140 2619 184 2679 lic
198 2632 231 2680 et
246 2618 363 2701 duplex
376 2616 535 2699 Neapolis,
553 2635 685 2698 quarum
700 2617 795 2678 altera
810 2620 844 2677 in
860 2620 977 2697 eodem
991 2616 1053 2681 hoc
1070 2630 1182 2690 tractu,

137 2719 251 2784 omilla
275 2720 384 2801 Leptis
408 2720 577 2781 mentione
598 2718 731 2800 ponitur
751 2738 769 2780 a
788 2717 916 2798 Scylace
937 2738 970 2801 p.
990 2730 1051 2799 47.
1078 2717 1179 2783 Hudl.

136 2822 333 2887 Posterioret
355 2819 449 2883 lolam
469 2821 523 2882 hic
544 2820 712 2903 proiemnt
729 2820 858 2902 Leptim
881 2840 1048 2906 magnam,
1083 2842 1182 2903 quam

135 2924 329 3011 plerumque
351 2922 599 3003 Leptimognom
621 2936 753 2991 vocant,
780 2936 817 2981 ut
833 2921 967 3004 Procop.
984 2924 1024 2985 de
1044 2924 1084 2986 B.
1103 2924 1183 2985 Van·

135 3026 202 3091 dal.
221 3042 252 3095 a,
273 3042 330 3087 ει.
355 3037 387 3085 et
405 3023 491 3086 alibi.
546 3024 596 3086 An
621 3042 699 3087 veto
725 3022 836 3085 eadem
860 3022 1063 3103 Leptimot'ns
1085 3027 1183 3085 etiam

137 3128 334 3210 adpelletut,
362 3131 404 3186 ‘ut
429 3124 646 3206 Leptiminus,
679 3128 764 3206 quod
794 3124 977 3205 simpliciter
1000 3122 1096 3187 refert
1117 3126 1182 3187 Sal·

136 3230 255 3293 maline
269 3230 306 3289 ad
319 3228 475 3309 Spartiani
491 3228 601 3290 Sever.
618 3246 645 3288 c.
667 3248 695 3289 t.
722 3229 839 3287 metito
855 3224 981 3285 tlnbitat
998 3225 1180 3310 Weffeling.

136 3334 178 3395 ed
197 3334 317 3393 Anton.
333 3330 439 3392 itiner.
456 3348 487 3410 p.
507 3330 566 3407 65.
600 3328 649 3389 Ex
669 3328 768 3408 priori
790 3324 891 3386 forma
905 3325 1182 3417 Leptintognetfis

136 3431 283 3497 eistctum
306 3430 350 3492 est
377 3450 393 3491 a
417 3429 595 3511 posterioris
622 3431 692 3491 aevi
716 3428 917 3507 auctoribus,
959 3442 996 3489 nt
1021 3430 1109 3491 idem
1135 3430 1180 3490 ibi

138 3536 265 3599 docuit.
310 3532 354 3594 Et
375 3533 415 3592 lic
436 3532 469 3591 in
494 3532 617 3594 Codice
642 3550 669 3594 c.
695 3531 716 3591 l.
754 3531 886 3590 Videtur
908 3530 1007 3615 igitur
1029 3528 1181 3613 Neapolis

137 3636 201 3701 elle
217 3616 339 3699 nomen
356 3634 526 3714 antiquius,
552 3650 689 3715 proquo
707 3630 775 3714 poll
790 3633 956 3693 invectum
973 3650 1003 3693 et
1019 3632 1083 3692 iam
1096 3636 1183 3695 >Stra-

136 3738 236 3799 bonic
249 3750 351 3798 aetate
366 3737 468 3817 magis
482 3730 717 3815 frequentatum
733 3733 795 3793 luit
806 3734 941 3794 alterum
955 3732 1074 3816 Leptis,
1100 3734 1180 3795 illud

136 3859 218 3902 veto
236 3840 281 3899 ita
298 3836 408 3898 [enim
426 3837 520 3918 plane
540 3834 717 3904 evanuisse.
748 3849 786 3895 ut
802 3835 928 3916 Leptim
951 3848 1074 3897 tentum
1097 3836 1182 3895 nlur·
1285 3886 1290 3891 .

135 3956 269 4025 petent,
303 3938 405 3999 veluti
428 3934 547 3999 Sallust.
572 3938 613 3999 tle
635 3936 673 4000 B.
691 3939 759 4019 lug.
783 3952 810 3997 c.
834 3934 887 4015 1‘9·
907 3950 940 4015 5.
991 3938 1077 3997 Tum
1102 3956 1180 3997 vero

135 4042 283 4112 Plinine,
316 4040 374 4121 qni
396 4054 571 4120 uttmnqne
591 4034 626 4099 in
646 4040 775 4099 divetlia
796 4038 979 4099 auctoribus
1001 4039 1181 4109 invenillet,

134 4142 230 4209 facile
244 4144 281 4207 in
292 4142 388 4205 illum
403 4160 556 4214 errorem,
577 4159 638 4205 nec
654 4160 744 4205 noto
759 4141 918 4225 exemplo,
939 4139 1049 4221 induci
1064 4143 1181 4224 potnit,
