2634 4716
276 363 629 426 announnrt.
670 366 752 436 nt,
794 364 917 457 exv.
957 364 1037 438 e...
1115 370 1179 463 45⁷
1268 348 1272 368 '

134 534 399 622 distinguendum
431 538 504 604 elie.
550 540 643 626 Quae
683 558 762 606 vero
792 555 866 604 ante
900 541 1027 622 Lycum
1060 540 1177 618 Lyciae

133 639 249 723 populi
269 640 403 703 nomina
424 640 589 726 gellerint,
615 641 744 706 discitur
759 663 799 706 ex
817 644 985 707 Herodoto
1001 657 1033 705 et
1047 642 1132 712 aliia,
1158 659 1178 704 a

131 740 253 823 quibua
272 758 565 806 commemorantur
579 745 711 828 Solymi,
738 745 876 828 Milyae,
904 745 1065 808 Termlloe.
1110 744 1178 805 Ho-

132 858 243 905 merue
259 855 365 905 tamen
381 845 529 926 Solymoa
545 861 577 909 et
594 848 709 927 Lycioa
723 845 797 910 tren
813 845 964 918 diversor,
989 849 1068 907 dum
1084 845 1123 907 ll.
1141 844 1176 917 6,

139 953 211 1024 ²84
227 940 289 1026 sqq.
314 943 427 1016 refert,
453 945 737 1032 Bellerophontem
755 949 869 1029 Lyciae
887 951 971 1035 regie
987 947 1068 1010 iulia
1085 946 1178 1025 Soly-
1304 1008 1310 1017 ,

106 1045 198 1107 'mie
230 1044 352 1108 bellum
387 1047 541 1119 intulilla,
586 1070 727 1132 quocum
768 1049 906 1115 conteni
941 1050 1037 1114 etiam
1072 1044 1177 1133 potest

131 1142 249 1212 Strabo
269 1159 323 1229 ru.
344 1168 376 1230 p.
394 1158 481 1230 459.
497 1149 519 1213 i
537 1152 622 1226 667.
646 1151 822 1235 probatque
843 1171 914 1225 eoa,
946 1153 1002 1235 qni
1026 1152 1176 1231 Solymo·

132 1246 269 1310 Homeri
286 1249 355 1330 poll
371 1249 525 1330 Milyadaa
548 1254 651 1316 dictoe
670 1253 730 1315 elle
753 1256 871 1327 velint,
896 1256 1048 1336 Solymos
1064 1265 1176 1314 antem
1255 1308 1257 1313 .

132 1346 201 1432 iple
223 1348 279 1412 lib.
303 1371 333 1414 t.
357 1371 389 1434 p.
411 1370 465 1416 tu.
479 1351 503 1418 l.
520 1368 580 1418 ar.
603 1356 686 1417 inter
705 1356 836 1432 Lyciam
857 1370 891 1418 et
910 1356 1059 1417 Pisidiam
1081 1352 1178 1434 ponit

132 1451 169 1512 ln
189 1449 319 1514 lummie
333 1454 433 1515 Tauri
448 1455 542 1540 iugie,
560 1457 697 1520 Homeri
713 1454 787 1519 nlue
803 1460 992 1520 anctoritate
1007 1476 1047 1518 ex
1063 1450 1175 1533 odytr.

132 1562 169 1631 5,
189 1563 274 1631 283.
301 1554 356 1639 eth
372 1555 418 1617 ibi
434 1558 562 1639 quidam
579 1561 692 1621 malint
707 1545 743 1632 ἐξ
756 1549 920 1648 Ἐλύμων,
943 1561 983 1619 de
997 1576 1072 1639 qno,
1098 1570 1198 1616 oum·

130 1654 217 1717 nihii
234 1657 273 1716 ad
294 1655 391 1740 ipsam
412 1658 495 1721 hanc
509 1660 724 1742 quaestionem
740 1663 861 1732 valeat,
887 1659 927 1724 cl.
946 1652 1177 1722 Schliehthnrst
1255 1656 1258 1663 '

130 1755 168 1817 iu
185 1755 302 1841 Geogr.
328 1759 464 1822 Homeri
483 1781 517 1844 p.
538 1775 594 1843 13.
647 1762 712 1825 alti
732 1763 880 1841 Solymoe
900 1760 969 1845 poll
984 1760 1101 1827 Pifidn
1122 1757 1177 1820 ad·

130 1857 266 1941 pellatne
288 1857 378 1920 inille
400 1863 548 1933 tradunt,
581 1864 684 1925 veluti
702 1862 827 1927 Pliniua
845 1875 877 1941 5,
898 1874 958 1941 alp.
981 1861 1001 1927 l.
1021 1878 1078 1934 27.
1108 1861 1178 1923 Sted

129 1959 260 2043 phanua
276 1956 299 2022 l.
317 1980 397 2021 voce
412 1955 576 2051 Σόλυμοι,
599 1962 780 2027 Enllathiua
795 1964 1027 2028 aduenienti
1042 1964 1075 2032 6.
1095 1969 1176 2040 ¹84·
1207 2022 1210 2033 .

129 2078 166 2147 p.
189 2079 234 2122 m.
254 2070 340 2140 493.
364 2061 497 2144 aliique,
528 2083 609 2145 quoa
629 2066 779 2146 produxit
794 2064 937 2128 Hullien.
957 2067 997 2127 ad
1018 2062 1174 2144 stephan.

131 2181 169 2247 p.
185 2175 269 2241 ὅσα.
314 2162 381 2248 Qui
407 2163 447 2227 de
473 2162 704 2245 Hierosolymis
735 2180 770 2227 et
796 2166 873 2227 inde
897 2166 937 2227 de
970 2165 1095 2227 ludaeie
1121 2164 1176 2225 hic

104 2340 107 2345 Ι
132 2265 291 2348 cogitant,
316 2266 351 2326 in
372 2265 491 2347 quibua
514 2264 668 2349 losephue
690 2268 812 2350 antiqu.
833 2266 905 2329 lud.
922 2281 955 2340 7,
973 2280 1004 2344 3.
1037 2266 1199 2328 Tzerzee‘

132 2363 210 2428 ehil.
228 2380 262 2442 7.
281 2364 352 2429 hist.
375 2379 454 2447 149.
479 2367 585 2450 pluree
608 2368 743 2431 omnino
764 2368 845 2430 olim
861 2364 919 2430 lec.
935 2368 1037 2430 Tacit.
1055 2365 1176 2431 Histoe.

133 2476 170 2547 6,
190 2482 224 2529 a.
250 2463 317 2546 (Cf.
333 2466 482 2531 Bochart.
501 2471 537 2530 in
548 2469 699 2532 chanaan
720 2490 749 2541 r,
767 2472 816 2547 6.)
840 2468 992 2532 audiendi
1007 2486 1074 2530 non
1089 2463 1175 2533 tunt.

130 2563 258 2633 Referri
273 2571 369 2630 etiam
387 2569 453 2631 huc
470 2568 558 2653 polle
573 2571 720 2643 videtur,
744 2572 831 2654 quod
847 2570 1049 2633 Chimaeram
1071 2585 1175 2652 prope
1249 2619 1254 2630 .

132 2669 285 2750 Solymos
304 2670 472 2732 conlocant
492 2672 527 2732 in
547 2669 808 2755 Bellerophontis
829 2664 1036 2757 expeditione
1052 2669 1175 2733 Home·

131 2771 242 2834 mail.
260 2771 294 2840 6.
315 2769 463 2855 179qu.
496 2785 530 2855 et
554 2773 710 2836 Pindarue
736 2773 868 2858 Olymp.
893 2787 948 2851 15,
974 2788 1057 2853 129.
1097 2769 1174 2833 Chi·

131 2891 259 2936 maerae
280 2885 386 2935 autem
413 2871 521 2937 ladem
543 2875 707 2959 adlignant
725 2877 761 2938 in
784 2875 888 2961 Crago
911 2874 1024 2951 Lyciae
1048 2885 1174 2936 monte.

131 2970 268 3060 (Strabo
289 2985 343 3054 ¹4·
362 2995 394 3059 p.
410 2984 496 3054 458.
515 2973 536 3038 l.
554 2972 662 3059 665.)
714 2977 753 3039 In
777 2977 912 3041 nomine
934 2973 1086 3036 Termt'lae
1107 2971 1178 3036 leri·

131 3089 229 3161 ptura
249 3077 396 3138 variatur.
435 3076 619 3160 Adpolitam
642 3075 815 3160 sequuntur
836 3076 1022 3139 Herodotue
1041 3096 1069 3146 t,
1091 3088 1174 3155 175.

132 3190 171 3255 7.
186 3193 247 3257 92.
272 3192 306 3240 et
319 3176 434 3241 strabo
450 3190 505 3258 14.
522 3198 555 3260 p.
572 3188 656 3259 459.
673 3176 696 3242 l
714 3179 799 3253 667.
842 3178 911 3240 Alia
929 3175 1025 3238 habet
1039 3176 1175 3260 Stepha-

132 3296 199 3341 nua
220 3275 243 3342 l.
261 3297 294 3339 v.
311 3276 480 3366 Τέρμερα,
512 3279 550 3340 ad
572 3300 668 3361 quem
691 3281 758 3341 vid.
779 3279 921 3342 Hoiilen.
938 3296 1011 3362 pag.
1030 3290 1115 3356 3¹9.
1141 3289 1176 3340 et
1244 3354 1248 3361 ⁸

131 3377 307 3443 Munaker.
321 3380 361 3442 ad
376 3380 531 3443 Antonin.
550 3380 657 3444 Liber.
673 3401 740 3465 cap.
757 3392 817 3461 95.
849 3377 1062 3462 Trempolrtie
1073 3378 1176 3442 literie

132 3476 284 3571 Tpepilty
302 3483 398 3544 etiarn
414 3482 455 3545 de
469 3481 563 3558 Lycia
578 3479 680 3545 adfert
694 3483 872 3567 Stephanae
886 3483 920 3544 h.
937 3501 970 3544 v.
992 3481 1082 3562 quod
1099 3499 1191 3544 eone

131 3584 240 3649 firmat
270 3584 455 3648 Antoniana
479 3583 616 3646 Liberal.
640 3604 707 3666 cap.
733 3595 792 3664 55.
824 3582 882 3646 ubi
904 3580 943 3646 cf.
962 3581 1174 3649 Munekerne.

133 3685 229 3749 Idem
254 3702 334 3748 vero
359 3686 544 3751 Antoninne
565 3686 600 3746 in
620 3687 744 3770 origine
766 3687 908 3749 nominis
930 3685 1024 3763 Lycia
1046 3683 1085 3746 ab
1105 3684 1176 3748 aliie

101 3864 103 3869 Ι
133 3784 266 3855 recedit,
292 3787 372 3853 dnm
388 3806 406 3848 a
420 3787 504 3871 inpie
522 3775 659 3866 (tien)
680 3787 819 3859 derivat,
844 3789 900 3871 qui
919 3787 1076 3857 Latonae,
1099 3805 1175 3848 cum

133 3888 170 3951 in
187 3889 315 3966 Lyciam
331 3886 475 3960 venillet,
497 3889 584 3949 viana
600 3887 860 3953 monstraverant.
894 3887 964 3950 Neo
978 3888 1012 3947 in
1030 3887 1176 3951 terminia

133 3988 364 4052 constituendis
383 3989 440 4051 fibi
463 3988 605 4053 eoniiant
624 4002 784 4064 auctorat,
811 4008 871 4053 nee
890 3987 1028 4054 conitere
1044 3986 1175 4073 poliunt
1247 4024 1259 4043 κ

134 4104 267 4177 propter
282 4092 478 4160 mutatiouea
496 4092 587 4159 vario
609 4103 757 4182 tempore
774 4088 881 4160 uene.
933 4088 1061 4174 Nempe
1080 4090 1175 4173 Lycia
