2634 4716
234 459 293 526 mo
498 428 660 507 norit
700 444 1002 505 executione
1038 414 1040 421 ⁴

234 625 304 706 lug.
322 639 350 683 c.
369 636 423 703 19.
450 614 548 680 Livio
564 634 624 695 5ο,
645 631 701 698 95.
719 618 741 682 f.
765 619 953 704 simpliciter
967 619 1094 699 Leptis.
1121 612 1161 677 ln
1175 612 1279 701 pesse-

235 720 380 787 rioribue
411 717 533 804 legitur
559 734 726 785 contracte
746 722 965 802 leptiminus,
996 717 1091 783 utin
1114 713 1278 781 Antonini

237 822 312 888 itin.
327 846 360 906 p.
378 832 436 900 58.
475 822 591 901 Leptis
613 828 717 885 miuus
740 824 859 906 Geogr.
880 827 1027 885 Ravenn.
1045 836 1079 898 3.
1099 831 1132 899 5.
1173 820 1279 899 lepte

236 928 345 990 minus
358 921 394 985 in
411 923 529 984 eodem
544 934 578 1000 5,
593 937 627 1001 5.
653 939 688 985 et
705 925 769 987 tab.
784 922 975 1008 Peutinger.
991 925 1027 986 V.
1066 920 1118 985 Cf.
1142 918 1277 983 Salmas.

227 1028 280 1091 ad
297 1021 462 1109 Spartiani
480 1025 591 1086 Sever.
613 1044 640 1087 c.
663 1048 691 1087 1.
719 1041 753 1087 et
766 1023 951 1109 Welleling.
974 1024 1016 1087 ad
1032 1017 1190 1086 Antonin.
1208 1040 1238 1085 9.
1255 1020 1276 1082 l.

237 1129 367 1207 leptim
391 1127 538 1187 minorem
558 1122 643 1187 dixit
667 1143 777 1189 tamen
792 1125 955 1190 -Aethicue
972 1149 1004 1211 p.
1026 1147 1071 1187 m.
1090 1140 1176 1200 799.
1228 1123 1279 1184 Ex

235 1226 342 1314 priori
358 1227 464 1289 forma
480 1242 596 1289 natum
612 1226 865 1320 Leptiminenfis.
901 1225 974 1290 Vid.
989 1223 1110 1289 notitia
1127 1258 1169 1271 -
1192 1219 1276 1287 Afri-

103 1362 106 1367 ·
237 1350 295 1392 cue
318 1327 354 1390 in
370 1325 540 1391 Sirmondi
556 1330 642 1413 Opp.
665 1330 705 1390 T.
727 1350 755 1390 1.
780 1351 812 1411 p.
833 1344 914 1406 995.
950 1324 1063 1392 Caroli
1085 1326 1276 1389 aS.Paulo

237 1433 356 1513 Geogr.
379 1430 467 1491 sacra
484 1450 517 1514 p.
539 1439 619 1506 104.
672 1425 763 1493 Olim
781 1431 979 1511 Leptitanus
1001 1426 1193 1502 dicebatur3
1226 1446 1276 1487 ra·

235 1530 355 1596 tissime
373 1546 407 1592 et
426 1529 512 1592 forte
531 1528 630 1593 semel
644 1530 776 1610 Leptim·
792 1527 828 1593 in
848 1528 958 1593 Taciti
972 1532 1089 1593 Annal.
1104 1544 1139 1610 5,
1154 1539 1215 1609 74.
1229 1525 1275 1589 19.

199 1690 209 1711 ,
236 1653 298 1720 pro
314 1651 379 1717 quo
401 1628 502 1692 etiam
517 1627 620 1714 aliqui
635 1632 754 1693 volunt
766 1632 948 1715 leptituni.
995 1632 1046 1697 Ex
1064 1626 1200 1695 Punico
1221 1628 1275 1691 de·

236 1731 480 1797 rivatBochurt
494 1728 531 1791 in
546 1733 704 1794 Chanaan
727 1755 757 1813 1,
777 1742 834 1812 94.
861 1749 893 1796 et
909 1732 951 1795 ad
970 1724 1276 1816 emporium't'rant·

237 1836 311 1898 lert.
362 1835 461 1896 Certe
492 1828 680 1894 Phoenices
717 1830 906 1896 conditoree
940 1831 1021 1896 facit
1051 1830 1178 1897 Sallull.
1200 1852 1231 1895 9.
1253 1831 1273 1892 l.

237 1932 402 2017 Oppidum
416 1930 545 1995 liberum
562 1930 649 1996 dicit
658 1931 798 2006 Plinius,
815 1931 1039 1998 consentiente
1048 1932 1225 2019 Hirtio‚·et
1239 1928 1274 1993 in

234 2026 347 2102 tabula
367 2031 623 2119 Peutingeriana
643 2032 780 2098 maioris
802 2033 919 2120 oppidi
942 2039 1067 2121 signum
1089 2035 1272 2120 adpostum

119 2189 122 2195 f
234 2141 344 2203 habet.
397 2134 489 2200 Olim
509 2138 631 2220 lingula
654 2134 689 2198 in
709 2135 779 2198 dies
801 2140 923 2199 talenta
946 2134 1271 2221 Carthaginiensibus

235 2237 356 2304 dedill'e
371 2237 472 2300 refert
483 2234 600 2299 Livius
617 2249 676 2318 54,
693 2240 752 2310 69,
770 2254 802 2317 5.
834 2240 955 2302 Aberat
969 2259 1072 2323 prope
1087 2239 1129 2300 ab
1143 2222 1271 2301 Hadru-

232 2356 335 2411 meto,
354 2356 388 2401 et
400 2336 559 2402 Antonini
576 2336 687 2402 itiner.
703 2342 803 2403 babet
821 2350 876 2416 18.
887 2341 934 2402 Μ.
951 2340 988 2402 P.
1011 2340 1102 2401 unde
1115 2336 1194 2401 Vari
1211 2336 1272 2402 iter

233 2438 378 2505 iudicari
393 2439 496 2523 potest
511 2440 599 2523 apud
614 2437 762 2503 Hirtium
776 2440 869 2504 dell.
885 2440 950 2503 Ast.
968 2461 995 2504 c.
1006 2443 1028 2505 6
1034 2459 1064 2503 9.
1074 2440 1109 2504 f..
1133 2440 1273 2523 Iaenipta

233 2540 335 2605 hodie
356 2542 417 2602 ell'e
436 2556 532 2623 putat
551 2542 656 2606 Sbatv
671 2543 719 2603 T!
735 2564 764 2603 t.
783 2563 817 2625 p.
838 2556 919 2619 957.
936 2557 969 2603 et
985 2553 1066 2623 943.
1094 2555 1128 2604 et
1142 2539 1194 2605 nil
1214 2540 1273 2605 nisi

233 2639 385 2727 lapidum
409 2640 529 2703 struem
554 2657 589 2705 et
615 2640 734 2705 castelli
760 2640 872 2729 aliqua
896 2640 1031 2727 vestigia
1055 2640 1105 2707 ibi
1131 2640 1273 2729 reperiri

232 2740 355 2809 scribit.

315 2841 525 2929 Clupea)
573 2845 767 2924 Ptolem.4,
791 2860 826 2922 3.
847 2843 1006 2928 1119πὲ9,
1039 2858 1078 2910 ut
1100 2828 1222 2911 Strabo
1238 2848 1279 2911 6.

233 2950 268 3034 p.
290 2944 406 3026 191.[.
425 2960 509 3023 977.
547 2942 677 3010 Κλιπέα
695 2946 784 3029 apud
800 2945 1003 3032 Procopium
1017 2947 1058 3009 de
1079 2943 1117 3011 Β.
1133 2948 1284 3013 Vandal-

237 3067 270 3121 9,
299 3071 353 3109 ιι.
405 3049 565 3111 Auctoree
586 3045 696 3109 Latini
712 3047 814 3110 morlo
835 3050 956 3128 Clupea
974 3047 1138 3121 scribunt,
1168 3048 1291 3113 modo·

237 3152 375 3234 Clypea,
410 3149 499 3233 quod
528 3169 570 3210 ex
594 3145 747 3231 plurimis
777 3147 859 3212 locie
884 3151 1035 3233 adparet,
1067 3146 1148 3212 libri
1171 3147 1313 3213 etiarn

221 3251 346 3337 passim
371 3250 498 3330 Clipea.
532 3265 566 3312 et
595 3251 721 3332 Clupea.
751 3237 825 3315 Cf.
849 3253 1017 3315 Drakenb.
1041 3250 1085 3313 ad
1112 3247 1188 3315 Liv.
1212 3266 1313 3330 97,-

237 3370 295 3432 99,
315 3367 348 3427 7.
374 3367 407 3413 et
421 3351 637 3435 Oudendorp.
653 3352 695 3413 ad
708 3354 833 3414 Lucan.
846 3363 882 3431 4,
899 3352 983 3430 586.
1019 3348 1313 3437 1991919911991

233 3449 270 3514 19
291 3472 449 3524 numero,
485 3453 527 3514 lic
548 3469 586 3513 ut
605 3453 734 3535 Clupeis
752 3451 854 3515 etiam
874 3451 1074 3538 reperiatur,
1103 3452 1213 3533 veluti
1234 3452 1313 3516 ina

232 3553 370 3616 Caesare
385 3552 426 3614 de
440 3555 478 3615 Β.
494 3551 568 3615 Civ.
587 3572 620 3625 9,
639 3569 696 3631 95.
729 3550 839 3616 Hirtio
859 3553 901 3616 de
915 3557 954 3618 B.
973 3554 1040 3618 Afr.
1057 3575 1086 3618 9.
1100 3568 1140 3633 -5.
1170 3556 1313 3619 tneo-

232 3651 305 3717 nini
329 3651 438 3715 itiner.
461 3674 493 3737 p·
510 3668 568 3731 57·
603 3657 724 3738 Geogr.
744 3657 893 3718 Ravenn.
912 3669 946 3733 3,
966 3668 1000 3735 5.
1027 3669 1062 3735 5,
1087 3668 1121 3735 5.
1156 3658 1313 3721 ubulu

230 3753 421 3837 Peutinger.
436 3757 471 3816 V.
505 3755 547 3816 de
571 3776 638 3841 quo
659 3756 701 3819 cf.
725 3758 940 3840 Oudendorp.
962 3757 1004 3818 ad
1026 3752 1178 3820 Hirtium
1192 3748 1233 3823 9.
1247 3760 1313 3820 la

231 3859 287 3920 etsi
312 3852 484 3919 Berlteliue
511 3856 552 3918 ad
585 3858 741 3941 Stephan.
761 3881 793 3944 p.
817 3868 896 3935 182.
926 3878 985 3941 pro
1010 3856 1164 3943 singulari
1194 3878 1313 3945 prof

219 3958 364 4043 'pugnat
414 3956 551 4020 Graecis
568 3975 680 4021 tamen
700 3961 897 4047 plerumque
919 3974 1058 4022 vocatur
1076 3953 1205 4037 'donin
1231 3965 1313 4025 115

228 4057 354 4121 diserte
382 4056 534 4122 adfirmat
565 4062 681 4123 Strabo
708 4079 737 4124 c.
767 4065 789 4126 l.
848 4060 992 4143 ‚eausam
1023 4059 1131 4124 adfert
1163 4058 1313 4127 sitire

229 4161 301 4226 Ital.
321 4175 356 4242 5,
379 4171 461 4243 944.
483 4165 528 4226 In
548 4163 651 4249 clypei
664 4154 804 4256 speciem
826 4165 969 4231 curuatis
992 4161 1134 4228 turribus
1155 4154 1310 4258 Aspltr
