2634 4716
244 551 598 623 meoniorum.
627 536 833 611 e‘noonu.
875 554 900 624 e.
925 573 952 610 ι.
1081 569 1120 613 n

82 728 133 790 uti
148 738 234 790 recte
251 724 338 797 solet,
365 727 562 808 comprobat.
602 729 690 789 Tum
705 730 739 791 in
760 742 898 809 utroque
915 729 987 791 loeo
1003 728 1061 791 alia
1081 728 1126 791 all

81 829 218 892 voculae
236 849 320 889 rrune
340 828 508 910 obpolitio.
560 830 623 891 Hic
641 832 729 892 enim
747 831 923 914 obponitur
942 830 1041 900 elias,
1067 830 1128 914 igi·

52 928 138 993 'tur
162 942 325 993 remotum
347 930 484 1012 aliquid,
518 930 564 992 ibi
583 932 702 1013 aliquid
731 931 875 1019 praeferte
899 933 952 996 vel
976 933 1127 1017 proxime

81 1033 287 1117 praecedent.
308 1033 395 1113 quod
411 1034 532 1094 indicat
547 1053 729 1116 pronomen
745 1018 836 1103 ime,
857 1037 919 1096 irae
940 1064 989 1079 -
1023 1035 1127 1097 Porro

82 1129 164 1199 fiee
183 1155 267 1194 nunc
285 1135 324 1194 ael
346 1149 484 1214 quatuor
499 1136 577 1197 haec
596 1138 699 1218 priora
722 1138 823 1220 capita
843 1139 1018 1217 redigatur,
1042 1137 1129 1211 alias

81 1236 123 1299 ari
142 1236 298 1317 reliquam
319 1248 443 1317 partem=
462 1236 649 1319 proferatur,
675 1240 744 1319 quis
767 1252 869 1319 putet,
894 1240 955 1299 illie
970 1238 1129 1318 capitibus

81 1326 305 1418 expofita‘eiie
328 1357 381 1408 ea,
411 1340 541 1419 quaein
563 1353 674 1400 natura
695 1341 865 1424 regionum
887 1341 1130 1421 incolarumque
1211 1396 1215 1405 ,

81 1440 294 1501 memoranda
322 1442 461 1530 inaximo
494 1440 702 1502 censeantur?
753 1441 860 1503 Postea
894 1443 1022 1525 linguae
1054 1438 1130 1504 uiue

82 1553 200 1623 parum
223 1539 379 1602 addixerit
394 1543 429 1603 in
451 1544 544 1605 altera
563 1541 717 1604 sententia
736 1545 921 1614 retinenda,
953 1562 1026 1604 euru
1046 1524 1135 1603 oliuo·⁸

83 1642 171 1723 apud
197 1641 330 1705 Latinos
360 1643 446 1703 aliud
472 1658 601 1726 tempue
627 1643 721 1705 loleat
750 1646 905 1714 indicare,
946 1657 1039 1724 atque
1066 1643 1131 1704 hoo
1211 1711 1214 1715 φ

82 1741 176 1805 sensu
197 1763 283 1827 nuno
303 1743 494 1826 obponatur.
551 1747 604 1808 sic
624 1746 739 1809 Cicero
761 1748 795 1806 iu
821 1747 931 1807 Laelio
955 1768 981 1817 ι,
1004 1757 1038 1824 4.
1051 1788 1054 1793 -
1067 1740 1131 1805 sed

86 1842 128 1906 de
156 1845 218 1905 hoe
244 1844 346 1918 eiiam
376 1868 461 1906 nune
486 1845 576 1908 redeo
599 1847 644 1908 ud
669 1868 829 1929 augurem.
885 1849 975 1909 Idem
1004 1847 1037 1905 in
1061 1846 1130 1927 Qu.

83 1943 217 2008 Tuscul.
238 1958 271 2025 3,
287 1957 322 2024 5.
347 1946 409 2007 Sed
425 1948 462 2008 id
477 1949 578 2021 olias,⁸
604 1970 688 2009 nrrue
701 1949 788 2031 quod
810 1948 921 2040 alfiae.
965 1945 1016 2011 cf.
1033 1947 1078 2008 ib.
1095 1959 1129 2025 5.

86 2065 121 2112 2.
149 2058 264 2128 414.
318 2046 513 2133 Itapallim.
548 2050 603 2113 ubi
625 2052 789 2122 adriam,
823 2049 1021 2112 deverticulo
1044 2046 1130 2129 qttasr

84 2147 180 2221 facto.
204 2149 360 2212 redeunt:
395 2150 457 2212 Sed
472 2153 552 2225 haee
572 2153 667 2214 alias.
720 2151 834 2232 Neque
857 2152 879 2212 st
899 2153 969 2231 quie
991 2151 1130 2211 retroue

85 2251 159 2333 loco
174 2251 373 2336 intelligere,
398 2265 435 2312 ut
451 2252 486 2312 fit
506 2251 599 2324 altis,
629 2271 695 2334 quo
714 2251 801 2313 sensu
820 2254 972 2334 posterior
989 2253 1131 2313 maxime

81 2368 172 2415 -aetae
196 2351 432 2434 frequentavit,
472 2352 598 2415 lrrbsrdii
622 2355 742 2434 aliquid
775 2356 857 2414 firmi
883 2370 993 2415 nactus
1023 2351 1131 2422 fuerit,

88 2473 164 2515 cum
180 2474 222 2516 ne
238 2456 278 2515 lio
292 2457 425 2536 quidem
441 2456 481 2515 de
502 2457 618 2516 eodem
634 2456 717 2515 libro
735 2468 818 2515 recte
835 2456 945 2515 valeat.
982 2456 1131 2534 Denique

90 2552 337 2639 suffragarihuiu
353 2555 524 2617 sententiae
546 2558 674 2618 videtur
696 2553 760 2635 ipse
779 2556 880 2628 Mela,
903 2557 957 2634 qui
976 2569 1008 2633 3.
1027 2556 1061 2617 6.
1084 2555 1131 2617 iu.

87 2654 295 2749 perstringere
318 2659 394 2718 dicit
410 2660 450 2719 de
472 2659 527 2729 iis,
554 2677 634 2738 quae
650 2671 741 2717 antea
757 2657 792 2717 in
809 2657 872 2717 hoc
892 2657 974 2716 libro
988 2673 1131 2718 comme·

86 2770 281 2822 moraverat.
320 2761 411 2846 Quae
426 2759 610 2823 Gronovius
624 2759 752 2830 adtulit,
775 2778 887 2840 parurn
901 2772 1080 2820 morantur.
1142 2794 1144 2798 2

155 2959 376 3057 strictim)
422 2964 470 3024 Ita
490 2960 571 3034 fere,
605 2962 772 3045 inprimis
797 2958 999 3042 filoquentia
1023 2952 1132 3023 coufe-¹

87 3081 156 3141 reo,
182 3065 359 3146 Eutropius
379 3066 413 3125 in
435 3064 647 3146 praefatione:
683 3086 731 3126 res
747 3066 914 3125 llornauos
937 3094 987 3111 --
1011 3062 1133 3141 conlegi

76 3163 245 3259 strictim,
271 3165 393 3227 additis
408 3170 505 3228 etiam
521 3168 586 3237 lis,
610 3186 692 3248 qrroe
711 3167 744 3226 iu
766 3166 945 3245 principum
959 3165 1031 3224 vita
1050 3184 1133 3243 egre·

88 3269 147 3348 gia
166 3264 367 3359 exstiterunt.
422 3269 511 3355 Quiri
532 3270 610 3330 velit
632 3268 682 3327 illa
706 3266 875 3347 particula,
911 3286 950 3327 ex
974 3265 1133 3329 adiunctio

90 3369 145 3431 vel
163 3366 317 3450 obpositie
334 3369 519 3432 declaratur.
556 3372 609 3433 sic
627 3368 751 3430 Gelliuo
770 3389 797 3438 1,
822 3381 854 3444 3.
868 3365 1011 3458 strictim
1034 3378 1133 3450 aeque

89 3489 206 3531 caerem
220 3469 323 3530 locum
337 3471 470 3553 aliquem
493 3470 506 3551 (
514 3466 750 3552 quaestionem)
775 3468 964 3546 transgredi.
984 3483 985 3487 ’
1016 3467 1131 3531 Cicero

90 3588 151 3654 pro
174 3571 328 3635 Cluentio
350 3592 377 3635 c.
401 3594 455 3635 10.
495 3574 574 3636 Cum
590 3594 637 3642 eo,
663 3592 744 3655 qrrae
764 3564 967 3661 copiostffime
981 3566 1044 3629 dici
1060 3558 1133 3660 pof-

84 3663 187 3763 sunt,
211 3669 348 3757 breuiter
363 3696 385 3734 a
405 3692 452 3735 me
463 3673 667 3768 strictimque
688 3672 848 3734 dicuutur.
900 3672 992 3732 idem
1007 3671 1047 3732 de
1065 3684 1133 3735 nat.

93 3775 195 3837 Deor.
216 3787 249 3854 5.
271 3791 326 3854 19.
351 3774 465 3858 utribus
479 3777 518 3837 de
536 3771 767 3865 quaestiouibus
785 3787 820 3833 tu
840 3772 966 3856 quidem
977 3769 1132 3864 strictim,
1199 3778 1204 3789 ’

91 3875 195 3970 nostri
209 3890 314 3936 aretem
331 3879 432 3938 multa
444 3870 553 3968 firleut
569 3878 680 3938 dicere.
720 3877 976 3938 Sicrlmmianua
994 3889 1051 3944 αα,
1076 3883 1133 3950 ¹6·
1245 3870 1247 3875 ’

82 3974 228 4070 strictim
249 3991 377 4059 tetigere
397 3994 429 4042 et
452 3981 517 4040 late
535 3981 672 4060 digerere
690 3977 837 4060 obponit.
889 3977 974 4039 Hinc
992 3977 1135 4038 lulliuue
1197 4028 1201 4035 .

93 4088 156 4160 45,
179 4102 208 4151 1,
226 4095 260 4143 Ω.
287 4078 422 4143 breviter
437 4082 531 4143 initio
549 4081 670 4173 imperii
686 4080 730 4142 R.
745 4077 969 4174 perstringere,
1003 4076 1134 4141 otetur

94 4180 130 4251 6.
147 4185 181 4246 6.
207 4180 383 4273 hellarium,
410 4204 467 4265 pru
483 4204 548 4264 quo
559 4182 721 4264 Sulpiciae
741 4201 771 4253 ις
793 4203 823 4246 r.
845 4201 893 4242 res
912 4177 1049 4241 breuiter
1062 4196 1134 4239 cou-
1173 4206 1178 4213 ·

78 4281 267 4374 stringere.
289 4285 346 4348 ubi
367 4283 495 4349 subiicit
518 4285 656 4370 carptim
677 4282 796 4358 dicere,
822 4295 953 4374 quaoflet
966 4282 1136 4368 coniungit
