2634 4716
134 389 199 459 loa
406 380 567 444 Norae
605 352 912 439 execericaa

135 553 219 618 olim
248 548 348 619 latius
383 553 493 639 patuit
519 550 552 619 ¹et
577 551 734 639 contigua
764 551 829 618 fuit
854 548 1013 625 Ciliciae,
1047 552 1183 639 dequo

136 656 232 741 supra
255 656 323 719 iam
347 656 435 721 elicta
462 658 535 720 lunt
559 654 678 742 aliqua.
719 656 770 719 Cf.
795 655 896 718 etiam
922 671 1020 718 notae
1043 653 1184 723 criticae

137 759 229 821 adh.
251 762 272 820 1.
297 779 370 843 pag.
394 760 480 838 467.
531 756 603 822 Alia
643 778 703 842 per
736 755 843 842 ipsum
877 758 1029 819 locorum
1068 779 1184 820 recen·

135 856 208 925 tam
233 877 467 949 exponentur.
544 856 676 924 Gentile
716 858 760 920 est
793 859 834 921 de
868 857 988 922 incolis
1025 873 1058 920 et
1082 861 1184 923 rebus

135 944 274 1045 Lycius'.
308 962 398 1023 unde
424 958 593 1025 aescendit
612 980 712 1045 porro
735 952 901 1036 Λυκιακός
920 983 951 1022 v.
972 980 999 1022 c.
1022 954 1183 1026 θάλασσα
1212 942 1217 955 ’

136 1061 287 1142 (Luciarr
314 1059 351 1123 in
373 1059 509 1145 navigio
535 1083 563 1125 c.
581 1067 635 1142 8.)
657 1056 761 1135 πόλις.
788 1062 849 1140 (de
869 1060 1041 1124 Phaselide
1063 1063 1183 1126 Strabo

142 1175 197 1241 14.
221 1185 252 1246 p.
270 1170 356 1241 458.
380 1163 399 1224 l.
424 1165 528 1243 667.)
579 1165 712 1225 Incolae
727 1157 915 1227 Φιλοπόται
936 1161 1112 1236 dicuntur,
1141 1166 1184 1227 de

37 1302 41 1309 ·
136 1262 204 1349 quo
228 1264 264 1327 cf
291 1262 478 1326 Eustachius
504 1264 544 1326 ad
565 1267 700 1328 Homer.
724 1266 839 1336 ll.12‚
867 1280 950 1341 3¹¹·
973 1286 1006 1348 p.
1032 1287 1077 1327 m.
1095 1270 1182 1344 868.

137 1366 208 1448 lpla
241 1363 334 1447 regio
364 1364 466 1428 hodie
501 1381 644 1453 occupat
679 1365 895 1431 ceremoniae
926 1382 1055 1450 partem
1088 1367 1185 1435 [ensa

136 1463 249 1530 latiori
275 1466 411 1531 [marae.
1007 1478 1012 1491 ·

218 1654 487 1754 Chimaerae)
538 1669 623 1736 Satis
649 1674 715 1736 hoc
739 1671 921 1735 monstrum
948 1668 1110 1734 iactatum
1138 1673 1184 1735 est

135 1770 173 1835 in
196 1771 316 1834 fabulis
339 1770 419 1836 inrle
440 1776 479 1837 ab
496 1776 643 1837 Homero
666 1777 724 1853 (ll.
740 1778 774 1846 6,
796 1785 859 1852 ¹81
882 1774 945 1858 sq.)
969 1789 1002 1835 et
1024 1774 1181 1848 Hesrodo,

136 1876 287 1957 (Theog.
306 1890 378 1956 319
395 1876 482 1960 sqq.)
505 1872 663 1961 varieque
679 1876 809 1938 versum
825 1891 859 1938 et
872 1889 1017 1937 auctum.
1057 1877 1181 1938 Home·

133 1997 192 2038 rus
215 1973 265 2043 illi
290 1976 345 2037 dat
369 1974 430 2038 tria
452 1997 608 2061 corpora,
640 1975 761 2064 quibus
784 1974 846 2038 tria
867 1976 977 2072 etiam·
988 1975 1097 2059 capita
1119 1976 1181 2040 im·

133 2077 232 2163 ponit
247 2074 416 2140 Hefiodus.
444 2080 629 2164 Utrumque
645 2076 1016 2162 adtingitPalaephatus
1035 2099 1179 2161 capey.

133 2180 212 2243 Duo
236 2176 313 2259 alii,
347 2176 402 2240 alii
429 2202 534 2242 unum
551 2196 679 2243 tantum
701 2181 901 2243 concedunt.
940 2177 1010 2241 Vid.
1034 2181 1179 2244 Eustath.

133 2283 177 2343 all
199 2284 334 2343 Homer.
350 2302 377 2342 c.
397 2283 417 2342 l.
441 2304 471 2365 p.
489 2295 559 2361 491
581 2282 624 2367 sq.
677 2282 779 2366 Quod
795 2301 874 2343 vero
897 2299 1012 2342 omnes
1030 2298 1178 2353 narrant,

132 2402 245 2467 pugna
283 2380 368 2443 illud
404 2380 530 2444 devicit
568 2384 810 2466 Bellerophon,
854 2382 895 2443 de
929 2402 995 2466 quo
1029 2377 1101 2465 ipso
1135 2383 1178 2446 cf.

131 2485 247 2547 Freret
266 2480 303 2544 in
319 2481 498 2544 Memoires
521 2484 562 2544 sle
579 2481 771 2545 l’academie
788 2512 838 2527 -
860 2483 900 2544 de
916 2480 1007 2544 Paris
1024 2484 1123 2546 Tom.
1143 2501 1177 2561 7.

130 2607 165 2669 p.
185 2595 230 2660 83
250 2583 314 2667 sqq.
357 2584 398 2644 de
430 2604 540 2667 pugna
573 2582 741 2667 Boettiger
774 2581 811 2645 in
844 2581 929 2645 libro
962 2582 1178 2648 Griechilche

130 2682 420 2746 Valeo-Gemalde
439 2685 477 2746 P.
499 2709 526 2747 1.
553 2685 627 2747 lect.
650 2709 677 2746 1.
697 2685 787 2746 adn.
808 2708 837 2745 r.
858 2703 889 2747 o.
945 2687 1034 2747 Tum
1059 2706 1176 2749 omnes

132 2783 170 2848 i'n
194 2805 233 2845 eo
258 2782 483 2857 consentiunt,
518 2787 609 2871 quod
631 2784 744 2869 ignem
765 2785 969 2858 evomuerit,
998 2802 1114 2872 atquo
1139 2784 1183 2851 id‘

66 2920 71 2929 ·
133 2905 283 2969 corpore,
302 2889 355 2948 vel
372 2884 479 2970 capite
497 2885 652 2970 eruperit,
670 2886 711 2948 de
724 2906 775 2958 eo,
788 2902 828 2968 ot
843 2885 925 2950 solet
941 2884 977 2949 in
994 2887 1046 2949 his
1064 2887 1176 2974 nugis,

132 2984 312 3070 disputant.
352 2986 798 3071 ef.Heyneadap0110dor.
818 3007 850 3060 e,
870 3004 902 3066 3,
931 3012 959 3051 ι.
999 2988 1068 3072 Qui
1093 3011 1176 3053 vero

7 3156 11 3163 ,
90 3112 91 3116 ’
130 3094 264 3171 longam
299 3104 473 3151 auctorum
506 3087 621 3151 seriem
654 3089 850 3171 cognoscere
876 3088 974 3161 velit,
1006 3113 1023 3152 a
1050 3090 1177 3176 quibus

128 3193 214 3254 haec
243 3190 352 3253 fabula
376 3187 514 3252 omnino
539 3206 674 3254 tractata
700 3190 761 3260 est,
794 3191 891 3254 adeat
910 3189 1103 3254 Fischerum
1133 3194 1176 3255 ad

127 3293 366 3375 Palaephatum
384 3313 411 3353 c.
430 3295 451 3354 l.
476 3290 537 3354 ubi
559 3291 658 3379 etiam
677 3289 812 3375 adiungi
831 3290 954 3375 poterit
972 3292 1108 3355 Servius
1132 3294 1177 3357 ad

126 3390 241 3477 virgil.
257 3397 335 3454 Aen.
354 3395 388 3463 6,
408 3403 489 3469 988.
541 3394 667 3456 Eadem
684 3390 719 3457 in
744 3390 815 3454 eius
837 3391 1059 3477 explicatione
1080 3417 1188 3480 repe·‚
1224 3408 1226 3415 '

126 3494 213 3559 ritur
235 3491 398 3555 ‹lislensro
451 3492 591 3578 Proprie
614 3495 683 3556 lere
705 3491 864 3578 intelligit
888 3497 1108 3579 Palaephatus
1131 3499 1176 3560 de

128 3594 236 3660 tribus
268 3593 511 3666 animanlibus,
545 3617 630 3680 quae
654 3593 690 3657 in
715 3593 869 3657 Telmillo
893 3613 1008 3659 monte
1031 3596 1178 3684 eiusque

126 3693 253 3779 triplici
281 3693 374 3757 aditu
399 3695 574 3767 latuerint.
604 3695 801 3783 infidiasque
828 3696 949 3761 accolis
977 3698 1152 3763 struxerint
1161 3723 1173 3776 ς

126 3796 321 3882 imperrdiss'e
336 3795 548 3860 Chimaeram
564 3814 729 3880 montem,
761 3815 794 3861 et
809 3796 1021 3862 interiectum
1040 3799 1174 3865 hiatum

124 3898 239 3985 ignem
258 3898 456 3961 eiaculatunr
473 3900 544 3960 elle.
571 3897 635 3961 Alii
651 3896 788 3961 flumina
803 3896 918 3985 rapida
932 3898 1024 3963 luille
1039 3905 1171 3976 volunt.

127 3998 184 4064 alii
210 4017 274 4062 tres
291 4003 501 4080 Solymorum
518 4003 617 4071 Deos,
643 4002 697 4062 vel
718 4001 840 4078 ducea;
875 4005 932 4081 (ut
951 4005 1107 4066 Bochart.
1134 4003 1172 4067 in

123 4105 232 4171 Chao.
254 4127 285 4180 r,
302 4106 335 4169 6.
350 4102 394 4187 s.)
420 4102 557 4193 quidam
571 4104 614 4167 de
630 4102 773 4190 coniuge
787 4102 973 4172 Amisolari
990 4104 1172 4173 Chimaera
