2634 4716
229 384 295 455 454
500 370 661 433 norae
701 336 1043 432 exaoaarctn'

232 549 347 614 urbem
369 545 423 609 hic
444 549 601 629 quaedam
625 544 734 609 dixiffe
756 561 850 610 notat
867 543 1010 617 Voffiur.
1036 543 1127 609 etde
1151 545 1281 611 direrli·

232 652 310 714 tatie
333 649 419 712 illine
435 649 532 711 caude
554 649 635 711 haec
658 646 777 711 adfert:
810 649 950 712 Phaselis
965 668 983 710 a
1000 649 1107 729 Lyciis
1122 650 1204 711 olim
1221 648 1280 711 luit

234 754 399 822 habitata,
435 751 618 832 Lyciaeque
653 750 815 813 adtributa
848 752 1008 833 primitur.
1076 750 1280 833 Pamphylii·

103 896 108 905 ι
232 873 313 917 vero
329 853 392 915 late
410 870 501 913 oram
518 852 716 913 maritimam
734 854 928 929 tenentibus,
951 851 1163 934 Pamphyliae
1181 854 1281 913 adnu-

236 968 359 1029 merata
380 951 443 1014 fuit
461 952 612 1024 urbibus,
637 954 713 1016 licet
732 954 856 1017 incolae
872 954 971 1015 ellent
986 955 1090 1034 Lycii.
1134 953 1281 1016 Postmo-

234 1057 316 1120 dum
334 1055 578 1137 obportnnitate
595 1054 669 1116 lituu
687 1056 802 1125 adlecti
815 1070 849 1120 et
862 1056 993 1119 invitati
1009 1073 1027 1115 a
1044 1054 1210 1125 Cilicibus,
1227 1055 1280 1138 ipo

237 1176 365 1241 quoqne
386 1157 539 1237 piraticae
560 1153 589 1216 le
613 1156 852 1239 adplicuerunt,
884 1170 940 1217 aut
966 1155 1076 1218 latrem
1098 1157 1212 1238 piratis
1234 1178 1280 1219 re·

235 1257 402 1339 ceptacnlo
418 1254 522 1327 luere.
550 1254 672 1318 deserta
687 1260 853 1321 communi
868 1258 1041 1337 Lyciorum
1059 1254 1213 1320 societate
1228 1258 1280 1320 vel

235 1357 291 1423 lua
311 1359 438 1440 sponte,
467 1360 522 1420 vel
542 1359 637 1420 eiecti
658 1358 698 1419 ab
720 1359 792 1423 illie.
842 1360 931 1421 Tum
946 1359 1084 1423 Cilicum
1108 1360 1195 1422 dicta
1220 1356 1281 1423 fuit

234 1461 313 1522 urbe
329 1458 478 1524 Phaselis.
516 1460 607 1521 Haec
631 1478 774 1524 vocure.
823 1463 875 1523 De
896 1459 997 1543 prilco
1013 1460 1130 1540 Lyciae
1152 1460 1281 1523 ambitu

236 1560 328 1644 lupra
363 1552 482 1642 aliquid
507 1562 632 1624 notavi.
692 1561 918 1634 Praedouum,
961 1562 1098 1625 Cilicum
1125 1565 1279 1634 maxime,

236 1665 316 1727 olim
332 1663 531 1734 domicilium
550 1659 654 1731 fulde,
680 1662 813 1745 adparet
828 1684 869 1725 ex
885 1645 1042 1729 Cicerone
1057 1682 1085 1725 c.
1102 1663 1124 1725 l.
1145 1680 1179 1725 et
1195 1666 1280 1727 Stra·

236 1764 281 1827 bo
298 1773 350 1845 ¹4·
369 1785 400 1846 p.
410 1764 495 1841 462.
507 1760 526 1821 l.
540 1764 625 1837 671.
645 1778 764 1835 narrat,
785 1766 983 1832 Zenicetum.
1005 1766 1060 1843 (a)
1081 1765 1176 1825 illum
1191 1784 1280 1847 prae·

237 1867 362 1927 donum
384 1865 510 1933 ducem,
535 1861 736 1953 Phaselidem
753 1878 786 1926 et
802 1886 955 1951 magnam
973 1866 1191 1948 Pamphyliae
1210 1887 1278 1950 par·

235 1979 305 2029 tem
327 1962 501 2047 pollediffe.
553 1965 724 2029 Dorienlee
746 1968 928 2031 conditorea
947 1966 1025 2029 lacit
1043 1968 1232 2030 Herodotus
1245 1984 1278 2040 α,

241 2079 323 2144 ι78.
354 2061 459 2129 Πόλιν
480 2051 656 2149 ἀξιόλογον
674 2082 770 2129 vocat
784 2068 899 2133 Strabo
921 2078 976 2148 ¹4·
998 2090 1032 2152 p.
1048 2066 1172 2146 458.·l.
1193 2070 1274 2133 666.

237 2166 386 2232 attribue
408 2168 553 2251 portibue
574 2168 759 2230 instructam
774 2166 983 2232 suille'addit.
1038 2170 1152 2250 Neque
1170 2171 1213 2231 fic
1231 2190 1274 2233 ree

235 2283 361 2353 pugnat
375 2259 523 2329 Lucanus
535 2282 568 2344 8,
581 2283 663 2345 251.
689 2271 740 2332 cui
757 2271 800 2333 est
814 2269 887 2332 urbs
902 2292 1017 2350 parva,
1039 2269 1166 2341 [cilicet.
1190 2270 1276 2354 quod

238 2369 404 2451 sequentia
425 2371 601 2439 declarant,
626 2372 700 2451 quia
715 2391 803 2433 raros
824 2371 964 2433 habebat
983 2388 1060 2433 tunc
1077 2374 1200 2436 incolae
1223 2375 1276 2435 do·

237 2491 375 2552 musque
395 2471 524 2552 populis
547 2484 638 2531 erant
657 2471 838 2534 exhaustae.
891 2473 941 2536 Ad
963 2492 1035 2535 earu
1056 2474 1145 2535 enirn
1167 2475 1275 2537 condi·

237 2574 362 2634 tionem
377 2570 589 2653 redigebatur.
608 2590 682 2632 cum
693 2572 847 2635 Serviliae
864 2570 1026 2643 Isauricus,
1043 2575 1137 2636 victis
1155 2578 1275 2656 piratio,
1296 2634 1299 2639 .

237 2692 311 2734 earn
338 2673 436 2732 etiam
462 2669 636 2742 evertillet‚
675 2672 725 2734 uti
755 2688 840 2735 recte
873 2665 1033 2755 explicant
1064 2674 1111 2735 ibi
1144 2676 1273 2739 Ouden-

239 2774 371 2854 dorpiue
387 2787 419 2833 et
438 2772 492 2833 hic
511 2767 645 2836 Voffiue.
685 2771 737 2837 cf.
759 2775 800 2836 de
822 2794 856 2837 re
872 2775 984 2859 Cicero
1007 2777 1039 2837 in
1060 2777 1148 2838 Verr.
1168 2776 1202 2849 6,
1222 2798 1273 2842 ro.

238 2875 375 2956 Eutrop.
391 2876 424 2942 6.
444 2887 477 2954 5.
529 2876 579 2935 Ile
595 2873 653 2935 latu
668 2874 764 2938 haec:
791 2876 903 2939 Liviue
918 2895 945 2940 c.
963 2874 984 2938 l.
1009 2878 1044 2939 in
1061 2878 1165 2938 altum
1186 2880 1276 2962 peni·

237 2987 291 3037 tua
313 2976 493 3057 prominere
514 2971 627 3047 refert,
656 2977 702 3037 ita
721 2989 758 3036 ut
776 2977 887 3058 procul
915 2980 1048 3039 navium
1069 2975 1277 3061 prospectum

237 3076 430 3161 praebuerit.
482 3074 568 3137 Hinc
587 3089 621 3138 et
642 3077 745 3138 ardua
767 3078 835 3141 eiua
857 3090 944 3139 tecta
970 3080 1134 3161 praedicat
1156 3083 1275 3147 Anien.

238 3198 273 3241 v.
294 3193 400 3253 1017.
428 3190 461 3238 et
480 3169 676 3265 iyvapu‘auuuu
696 3191 793 3241 vocat
814 3179 948 3259 Dionys.
968 3201 1000 3243 v.
1020 3192 1109 3259 855.
1126 3181 1148 3242 i.
1170 3202 1200 3246 e.
1224 3175 1276 3246 ἐπὶ

237 3272 320 3366 ὁρῶν
341 3274 500 3366 κειμένην,
527 3292 564 3339 ut
580 3281 619 3340 ad
636 3280 816 3342 Homerum
833 3280 870 3342 11.
889 3296 921 3352 o,
937 3284 1021 3346 606.
1044 3284 1182 3365 explicat
1199 3303 1276 3347 eam

236 3400 354 3443 vocem
380 3379 572 3444 Enllathiue.
622 3381 727 3463 Prope
750 3381 840 3443 illam
864 3382 904 3443 ad
929 3403 1017 3445 mare
1037 3384 1197 3468 anguillae
1222 3388 1276 3449 de·

236 3479 343 3544 scribit
368 3481 482 3544 Strabo
505 3501 532 3543 c.
552 3480 577 3545 l.
614 3501 671 3563 per
702 3501 781 3564 quac
807 3483 985 3547 Alexander
1009 3487 1183 3548 exercitum
1211 3500 1275 3548 tra·

236 3583 342 3645 duxit.
395 3582 596 3643 Maritimam
620 3602 732 3645 omnee
755 3582 894 3659 faciunt3
925 3588 1024 3668 aliqui
1047 3587 1145 3648 etiam
1171 3607 1211 3649 ex
1236 3609 1274 3650 ea

235 3675 434 3776 phafilorum
454 3686 589 3745 navium
609 3686 768 3767 originem
790 3698 956 3767 repetunt,
986 3689 1087 3751 veluti
1104 3688 1272 3753 Scholiast.

234 3784 360 3845 Lucani
377 3784 416 3844 ad
435 3805 461 3848 c.
478 3787 500 3848 l.
528 3784 584 3848 eth
603 3784 806 3867 Campanum
830 3789 997 3872 navigium
1020 3802 1118 3850 vocat
1139 3788 1274 3853 Noniae

234 3884 367 3949 Marcel.
384 3905 453 3969 cap.
475 3902 528 3968 13,
546 3902 580 3965 7.
631 3889 669 3948 ln
691 3888 798 3950 numia
816 3889 947 3968 quidem
968 3891 1141 3971 adponitur
1165 3893 1272 3964 navia.

233 3988 321 4068 quod
345 4004 468 4069 praeter
487 4011 556 4051 rem
579 3989 776 4051 maritimam
800 3990 839 4049 ad
861 3992 1029 4077 navigium
1049 3993 1147 4054 etiam
1172 3980 1275 4055 referi

232 4086 359 4153 Eckhel
380 4090 416 4153 io
434 4090 536 4156 doctr.
559 4110 654 4157 num.
676 4089 717 4156 Ρ.
740 4110 771 4159 ι.
794 4091 865 4157 tot.
884 4104 918 4172 3.
939 4112 1013 4178 pag.
1029 4092 1064 4160 6.
1096 4092 1173 4159 telle
1198 4094 1273 4159 utu·
