2634 4716
127 389 193 465 394
289 374 294 423 ἶ
372 377 560 446 ,trouu
600 376 903 438 uxuourtctu

128 553 260 625 firmitur
271 550 384 635 potino
397 551 609 615 derivandum
626 549 730 616 caniet
746 551 893 613 Bochart.
914 551 947 611 in
964 547 1075 613 Chan.
1093 558 1173 625 t.5.

127 655 241 727 Vibius
259 675 334 717 enm
349 656 403 717 dat
418 654 649 738 Cappadociae.
673 654 782 734 Syriae
795 654 920 714 Plinius
937 653 969 723 6.
988 651 1050 728 56.
1068 645 1092 711 s.
1112 659 1172 726 25.

90 832 98 853 ἡ
128 759 168 829 ad
186 757 330 820 Ciliciam
345 776 421 818 curn
437 757 535 825 Suitla
555 757 648 837 ponit
663 755 860 838 Stephanum
887 755 1029 835 plerique
1047 753 1084 811 in
1103 751 1173 812 lini·

20 880 24 895 ·
126 859 188 923 bua
204 858 333 922 Ciliciae
352 870 384 921 et
400 859 525 938 Syriae.
550 873 588 918 ut
608 858 693 920 Plin.
711 864 744 934 5.
767 868 820 935 28.
837 855 857 919 l.
877 873 934 919 aa.
961 853 1172 916 Ptolemaeua

128 975 163 1041 5.
184 974 219 1038 8.
267 959 410 1042 Nempe,
443 959 530 1040 quod
555 960 700 1021 a'dlirmat
723 959 837 1022 Cicero
865 959 903 1018 ad
928 955 1026 1017 Attic.
1049 966 1085 1030 5.
1107 969 1168 1017 uo.

128 1058 422 1145 syriamcoelem
442 1080 596 1143 aquarum
617 1044 756 1139 diuortio
773 1057 958 1129 dividebat:
981 1070 1015 1120 et
1031 1055 1113 1117 hinc
1129 1053 1169 1116 ad

125 1161 240 1237 divers.
260 1174 292 1230 a.
312 1179 373 1242 ro.
386 1180 461 1221 cum
476 1161 605 1231 Bibulo.
628 1162 683 1242 qui
696 1162 820 1240 Syriam
837 1159 962 1221 lortitue
975 1171 1052 1227 erat.
1081 1175 1169 1218 com·

125 1282 260 1342 munem
280 1258 335 1321 libi
351 1261 442 1323 illum
458 1274 605 1323 montem
621 1261 681 1325 elle
697 1263 752 1325 nit.
768 1244 773 1263 ¹
804 1262 902 1345 Quod
919 1261 1033 1322 Vibiua
1047 1258 1169 1341 cappa

126 1364 238 1447 dociae
259 1361 386 1433 tribuit.
417 1364 613 1445 aliquatenua
633 1383 746 1425 verum
770 1363 829 1439 ell.
855 1364 928 1445 quia
950 1381 1023 1423 eam
1037 1375 1170 1442 quoque

124 1466 166 1529 ad
189 1456 313 1544 Syriam
340 1464 583 1548 Commagenen
610 1465 764 1548 adtingit.
797 1478 834 1524 nt
855 1477 947 1526 notat
971 1462 1089 1524 Strabo
1110 1479 1165 1525 tt.

124 1586 158 1651 p.
178 1577 261 1645 359.
279 1563 300 1628 l.
319 1579 404 1641 52t.
456 1567 600 1629 Amanua
618 1579 734 1636 autem.
760 1567 844 1648 quod
868 1565 913 1625 ibi
934 1565 1040 1634 docet.
1068 1561 1167 1625 Tauri

124 1686 197 1751 para
211 1667 269 1739 eli,
295 1667 350 1748 qni
370 1684 472 1748 prope
487 1667 611 1744 Syriam
627 1668 786 1728 dividitur
802 1669 835 1727 in
851 1669 1009 1728 Amanum
1024 1679 1060 1726 et
1077 1665 1167 1727 Anti·

124 1783 265 1832 taurum.
299 1764 350 1837 Cl.
369 1768 465 1828 etiam
485 1767 540 1829 lib.
561 1778 615 1846 14.
637 1789 669 1850 p.
685 1771 771 1850 465.
788 1767 809 1829 l.
827 1769 912 1842 676.
965 1766 1047 1829 lnde
1068 1762 1168 1856 'Apus

123 1865 204 1944 vidae
226 1862 332 1933 πύλαι
352 1868 521 1939 dicuntur.
555 1889 615 1951 qua
637 1867 743 1932 verlut
762 1871 887 1950 Syriam
916 1867 1097 1939 desinebat.
1131 1879 1167 1929 ut

125 1982 218 2039 notat
237 1971 324 2032 idem
340 1989 366 2032 c.
384 1970 407 2032 l.
433 1984 467 2032 et
483 1968 597 2033 Graeci
616 1971 805 2054 plerumque
828 1985 962 2041 rocenta
988 1965 1169 2072 'dnoutndf

125 2084 235 2134 tamen
256 2072 446 2150 Ptolem.‚5.
465 2083 499 2150 8.
519 2073 564 2136 iu.
596 2070 717 2135 Arrian.
740 2075 780 2135 de
803 2073 916 2155 exped.
933 2072 989 2160 ¹lll.
1011 2089 1046 2143 2.
1066 2088 1101 2148 7.
1118 2073 1165 2135 iu.

125 2195 167 2238 ex
178 2173 442 2236 LatinieCurtina
458 2187 491 2252 3.
506 2184 541 2250 8.
563 2186 617 2253 13.
642 2188 675 2235 et
689 2188 802 2254 portas
812 2175 930 2235 Amani
942 2175 1064 2234 montis
1079 2174 1166 2236 Plin.

126 2290 161 2357 5.
178 2292 237 2339 aa.
254 2273 275 2337 l.
294 2291 353 2354 27.
386 2268 506 2350 Πύλας
519 2286 625 2336 autem
639 2288 672 2335 et
687 2271 787 2339 στενᾰ
802 2294 842 2337 ex
858 2271 1047 2354 synonymia
1064 2279 1168 2337 variat

123 2376 239 2458 Polyb.
260 2392 315 2445 ta.
336 2391 392 2450 17.
408 2389 467 2454 23.
510 2373 563 2439 Cf.
578 2376 617 2436 ad
638 2396 666 2448 ι,
690 2389 744 2452 15.
763 2393 796 2440 2.
844 2374 948 2438 Cauta
964 2388 1073 2438 tamen
1096 2396 1168 2443 eae·

125 2480 201 2542 dem
221 2490 331 2560 portae
356 2475 505 2559 distingui
528 2475 683 2540 debenta
707 2479 811 2558 portis
833 2477 947 2559 Syriis.
977 2498 1059 2559 quae
1074 2491 1168 2542 erant

126 2572 212 2666 ὅριοι)
228 2572 371 2639 Κιλίκων
389 2597 425 2639 τε
444 2570 501 2640 καὶ
518 2571 647 2664 Σύρων,
673 2591 709 2639 ut
722 2581 851 2660 adparet
871 2598 910 2639 ex
928 2579 1086 2641 Strabone
1108 2591 1166 2661 14.

126 2701 161 2764 p.
184 2679 269 2756 466.
287 2675 309 2739 l.
326 2677 409 2750 676.
445 2691 479 2738 et
503 2678 659 2741 Cicerone
684 2682 718 2740 in
742 2699 815 2761 epp.
841 2679 879 2741 ad
907 2678 1021 2744 diverl.
1044 2695 1103 2758 15.
1126 2692 1165 2762 4.

125 2780 184 2842 ubi
199 2780 276 2840 haec
288 2780 457 2862 leguntur:
484 2777 564 2841 Duo
573 2770 655 2869 sunt
667 2780 776 2842 odilus
789 2782 836 2841 t'rr.
867 2780 986 2843 t'lt'ct'am
1000 2802 1041 2843 ex
1056 2782 1165 2864 Syria.

125 2901 257 2965 qnorum
280 2891 407 2964 uterque
424 2881 537 2959 potuis
554 2877 722 2972 praesidiis
738 2902 796 2961 pro
839 2960 847 2975 υ
885 2881 1049 2972 magrtflias
1069 2885 1167 2947 irruer-

126 2981 212 3046 cludi
232 2977 346 3073 potest.
399 2979 701 3057 commemorantur
714 2986 810 3043 etiam
833 2983 925 3066 pylaa
941 2983 1080 3055 Ciliciae.
1105 3006 1168 3067 per

29 3081 36 3092 '
124 3106 202 3169 quaa
228 3102 266 3144 ex
294 3075 492 3167 Cappadocia
517 3082 661 3146 transitur
686 3085 720 3145 iu
747 3084 893 3147 Ciliciam
918 3086 1111 3168 propriam.
1132 3101 1168 3152 et

108 3188 302 3251 luculenter
333 3184 552 3247 describuntur
584 3186 773 3250 a.Diodoro
800 3188 863 3250 Sic.
894 3198 948 3268 14.
971 3203 1028 3251 20.
1047 3189 1095 3253 in.
1131 3203 1168 3252 et

125 3288 342 3369 Xenophonte
359 3287 399 3347 de
414 3287 526 3369 exped.
543 3284 623 3365 Cyri
639 3308 669 3357 r.
685 3296 718 3368 4.
735 3299 769 3369 4.
802 3307 914 3349 omnea
933 3289 966 3349 in
988 3291 1167 3354 itineribne

126 3391 316 3465 militaribus
336 3388 414 3466 Cyri
435 3389 570 3450 minutia
585 3402 617 3450 et
633 3391 800 3453 Alexandri
819 3389 866 3451 M.
891 3390 1075 3453 celebratae.
1109 3391 1164 3456 cf.

124 3505 247 3576 praeter
268 3490 328 3551 hoa
348 3502 384 3550 et
403 3488 576 3568 Polybium
590 3509 618 3553 c.
638 3491 660 3552 l.
694 3490 825 3553 Curtius
844 3508 874 3573 3.
889 3501 925 3568 4.
943 3505 977 3564 7.
1011 3493 1166 3558 Arrianue

126 3594 167 3654 de
190 3592 327 3673 expedit.
348 3589 436 3653 Alex.
461 3608 494 3662 a.
516 3606 548 3664 7.
576 3611 606 3654 ι.
637 3606 671 3655 et
691 3612 770 3675 quae
795 3591 952 3654 disserunt
973 3594 1168 3675 interpretes

69 3766 72 3771 ¹
127 3714 258 3759 eornm.
292 3691 448 3754 Graevius
474 3691 513 3762 ad
536 3691 638 3755 Cicer.
660 3695 697 3755 ad
718 3695 812 3756 Attio.
830 3705 861 3770 5.
884 3708 943 3756 ao.
976 3695 1165 3782 Wellellng.

126 3797 165 3859 ad
189 3780 299 3858 ltiner'.
325 3791 537 3873 Hierosolym.
554 3816 586 3877 p.
606 3807 691 3872 578.
724 3794 877 3858 Cellariua
900 3796 933 3856 in
951 3795 1071 3880 Geogr.
1096 3811 1166 3862 ant.

129 3911 161 3978 5.
185 3896 218 3967 6.
241 3898 301 3973 63.
335 3897 422 3956 etin
443 3895 1043 3980 primileaunertinGeogr.Vol.6.
1069 3898 1106 3962 P.
1127 3916 1163 3963 2·

124 4020 158 4089 p.
176 4008 225 4078 48
243 3996 305 4078 qu.
333 4016 371 4056 ex
391 3997 508 4079 quibus
528 3998 671 4086 adparet.
700 4018 759 4061 nec
775 4011 917 4061 auctore·
938 3996 1060 4079 semper
1076 4020 1167 4063 accu-

126 4113 192 4164 rate
208 4096 386 4175 distiuaiffe.
410 4100 572 4173 uecriroa
586 4098 698 4191 doctor
712 4101 796 4166 iuter
812 4097 843 4167 le
858 4098 1047 4167 coulentira.
1075 4100 1166 4167 Cum
