2634 4716
237 420 305 489 eie
508 410 671 475 nortr.
709 402 1010 471 nxnonrrc‘te

163 642 168 655 ,
240 586 326 649 Mela
345 586 470 649 iudicat·
487 574 660 655 Greerine,
693 604 771 656 nec.
797 587 930 667 opinor,
962 594 1048 654 erat,
1073 582 1169 665 qnod
1191 580 1279 646 Corte

239 668 417 760 dubitaret.
451 689 491 750 ed
514 707 610 770 quem
632 688 799 772 regionem
823 685 987 777 referenda
1009 684 1100 776 effet.
1134 683 1308 747 Gemite.

237 786 428 878 Κωρύκιος,
461 790 632 873 Corycius,
665 796 697 851 et'
724 788 800 849 binc
822 781 1043 875 liwpnnn‘ornc
1062 799 1200 849 auctore
1220 787 1279 849 Ste-

140 902 145 919 '
238 892 349 977 phano
370 894 402 956 h.
423 912 456 955 v.
482 904 516 952 et
535 890 575 951 iic
594 911 611 952 n
629 892 720 951 cnitn
736 882 911 951 Mercurius
929 882 1156 975 Kmpnrndirne
1179 886 1278 949 inOr·
1316 957 1317 960 Ἴ

238 993 316 1077 pbei
333 993 456 1073 hymno
468 1006 526 1067 27,
542 1004 577 1069 8.
603 989 670 1071 tpta
685 990 762 1052 haec
775 1009 840 1051 vox
853 991 969 1074 legitor
985 992 1021 1051 in
1034 990 1152 1051 multis
1166 989 1277 1051 notuit.
1310 1028 1316 1105 p

238 1088 289 1157 Τὸ
302 1117 325 1177 y
340 1115 357 1156 t
370 1095 474 1175 pontii
489 1094 524 1153 in
539 1092 660 1176 gentile
680 1093 858 1174 corripitur.
884 1090 1000 1175 inipso
1017 1105 1146 1170 etymo,
1178 1090 1200 1149 ii
1221 1090 1276 1173 qni·

238 1196 313 1257 dem
336 1194 567 1277 cognominem
585 1193 792 1274 Pamphyliae
809 1193 921 1255 urbem
937 1192 1076 1275 spectet,
1110 1192 1277 1275 ancipitem

139 1318 142 1325 ¹
237 1293 456 1364 habetatum,
488 1295 528 1356 de
549 1313 613 1375 qno
634 1294 797 1359 Schrader.
818 1295 857 1355 ad
878 1293 994 1357 Anien.
1014 1292 1188 1357 v.'1016.
1226 1294 1276 1355 tte·

238 1400 364 1459 centius
384 1415 508 1457 nornen
524 1398 609 1456 varie
624 1397 769 1477 proditur
783 1406 930 1457 notatum
948 1399 981 1456 in
997 1395 1119 1458 onettt
1137 1393 1275 1458 thesauro

239 1498 421 1559 et·Ferrarii
437 1498 553 1558 Lexico
570 1497 603 1558 h.
620 1517 653 1557 v.
677 1512 714 1558 ut
735 1496 867 1568 Carent,
897 1497 1033 1559 Cnrcho.
1090 1499 1225 1579 anp'er
1242 1497 1274 1556 dt

235 1598 408 1680 l’brchipel
425 1620 457 1679 p.
482 1599 561 1677 169.
590 1595 692 1661 adfert
720 1598 843 1660 Coruco
867 1595 890 1661 [.
918 1597 1048 1662 Goreos.
1104 1599 1146 1660 ln
1169 1597 1275 1661 tabolit

108 1756 111 1767 ,
237 1699 354 1784 Geogr.
380 1700 493 1760 inveni
520 1701 675 1761 Conrcon.

310 1839 654 1941 portrtflsnloqne)
705 1850 798 1925 Hinc,
809 1846 963 1940 Ἑρμείαο
986 1844 1087 1915 πόλιν
1107 1845 1274 1916 venet-ito

234 1973 293 2016 ror
316 1944 401 2013 dioro
429 1946 597 2039 Κωρύκιον
616 1952 720 2034 apud.
744 1950 881 2037 Oppian.
907 1954 941 2013 in
971 1952 1117 2015 Haliert.
1140 1968 1176 2033 3.
1201 1962 1274 2029 208.

234 2054 320 2134 qnod
339 2034 549 2136 comprobant
564 2055 665 2123 numi,
687 2056 722 2115 in
736 2055 851 2138 quibus
867 2074 1026 2141 ναυαρχις
1040 2056 1177 2117 dicitur.
1212 2054 1272 2115 vit.

234 2155 357 2221 Rai'che
374 2157 408 2215 in
425 2155 502 2218 Lex.
524 2176 616 2217 nnm.
634 2156 675 2217 Τ.
697 2177 726 2219 ι.
748 2156 785 2219 Ρ.
802 2173 834 2220 2.
858 2177 889 2237 p.
912 2157 1017 2218 1026.
1043 2169 1077 2217 et
1094 2155 1230 2218 Eckhel
1246 2154 1272 2215 in

234 2258 337 2318 doctr.
355 2274 448 2316 nnm.
466 2256 502 2318 P.
522 2276 553 2319 1.
572 2256 644 2316 Vol.
661 2270 693 2332 3.
711 2278 743 2339 p.
761 2269 821 2336 53.
876 2256 1028 2320 Ceterum
1044 2270 1189 2339 portum
1204 2255 1272 2319 indi·

235 2361 321 2419 cavit
333 2358 430 2417 etiam
448 2356 533 2422 Piin.
549 2370 582 2434 5,
600 2372 659 2419 αα.
677 2354 699 2419 i.
718 2373 776 2435 27.
829 2359 865 2421 ln
889 2358 1043 2421 Strabone
1062 2367 1122 2436 14.
1147 2380 1184 2443 p.
1200 2360 1274 2439 461,

235 2456 258 2520 s.
274 2461 357 2531 670.
372 2455 395 2517 f.
417 2450 572 2541 Κὼρυκος
596 2450 684 2544 ἄκρα
708 2474 913 2522 memoratur.
942 2492 991 2506 --
1040 2459 1152 2522 Verbo
1176 2474 1276 2523 nutent

235 2558 355 2636 incingi
375 2559 418 2616 ita
435 2554 499 2620 fere
521 2556 601 2621 inira
616 2574 650 2629 o.
668 2571 703 2638 5,
722 2563 755 2625 6.
779 2562 889 2632 utitor,
916 2575 953 2622 ut
967 2559 1022 2622 alii
1035 2559 1192 2647 simplici.
1226 2560 1274 2625 Gr.

232 2654 455 2744 περιέχεσθαι.

311 2808 499 2890 tergore)
548 2810 621 2872 Lib.
640 2825 672 2882 n,
693 2824 726 2888 5,
742 2814 775 2874 6.
805 2809 941 2906 angusto
961 2832 1076 2893 aggere
1096 2815 1277 2879 continenti

233 2907 426 2973 adnectitur.
462 2911 577 2974 Livius
593 2928 651 2991 29,
672 2906 753 2998 [35.
776 2907 853 2999 13.]
875 2912 962 2996 qreod
979 2916 1277 2995 (promontorium)

234 3011 323 3073 tenui
339 3012 414 3089 ingo
433 3013 610 3074 continenti
626 3013 800 3075 adhaerens
815 3015 848 3074 t'n
861 3015 1061 3097 aliquantum
1081 3020 1188 3081 maris
1203 3013 1279 3111 spo·

233 3113 313 3173 tium
333 3111 524 3176 extenditur.
557 3133 769 3178 erecconrre.
823 3117 927 3200 iugis,
953 3117 1006 3177 vel
1029 3114 1205 3193 faucibus,
1230 3119 1278 3182 rei

233 3211 333 3295 [patio
368 3226 467 3276 tenne
498 3215 665 3301 oblongae.
704 3236 728 3278 r.
753 3236 950 3279 ononovrva
975 3218 1050 3281 MS.
1082 3240 1112 3282 r.
1178 3224 1278 3285 Proot

233 3316 354 3376 multae
376 3316 452 3375 aliae
475 3318 619 3380 civitatee
642 3319 734 3379 talem
757 3319 849 3379 iitnm
871 3318 1096 3400 quaesiverunt
1117 3336 1156 3383 et
1177 3326 1278 3409 elege-

231 3429 317 3482 runt.
345 3429 381 3474 nt
399 3414 438 3476 iic
453 3436 491 3477 ex
507 3421 685 3480 continenti
704 3420 808 3481 nullut
825 3420 857 3479 in
872 3418 1010 3500 ipiornm
1026 3420 1143 3487 urbem
1161 3426 1277 3487 intrare

232 3514 333 3599 poss'et
356 3517 469 3577 invitie
488 3519 578 3599 ipiie.¹
607 3540 709 3600 qnnm
739 3520 891 3605 angustiae
914 3520 998 3590 illac.
1031 3522 1153 3602 qnibne
1178 3526 1276 3588 conti·

232 3618 324 3679 nenti
355 3617 583 3691 adhaerebant.
621 3619 710 3682 facile
743 3622 907 3704 praesidiis
944 3635 1094 3702 poterant
1132 3631 1273 3689 munire.

232 3718 326 3781 Unde
352 3731 384 3779 et
408 3718 569 3807 Carthago
594 3743 678 3783 nova
704 3723 737 3783 in
766 3721 913 3804 Hispania
936 3736 1086 3785 etvetus
1109 3726 1148 3786 in
1175 3727 1273 3791 Africa

230 3837 249 3880 e
266 3818 401 3897 Polybio
424 3813 504 3905 [ιο.
527 3816 602 3907 ιο.]
627 3835 661 3884 et
684 3823 777 3917 Lirin
797 3821 878 3912 [26.
896 3834 955 3905 42.
971 3818 1013 3909 i]
1036 3824 1077 3885 irc
1092 3825 1275 3890 describun-

232 3933 295 3982 tur.
326 3942 346 3981 1.
367 3938 563 3985 cnon‘ovrve
578 3923 654 3986 MS.
675 3939 708 4015 ᾳ.
748 3926 793 3985 lta
808 3925 920 3986 Gordii
935 3925 1029 3987 [itum
1045 3928 1209 4009 proiixine
1225 3931 1272 3991 de·

232 4019 337 4082 scribit
354 4020 483 4084 curtim
502 4038 533 4101 3.
562 4045 591 4096 t.
615 4034 673 4105 13.
709 4026 826 4105 Iugum
849 4024 1060 4089 voctt'etiet'n
1082 4020 1202 4095 nivini
1217 4030 1269 4103 26,

231 4132 293 4204 42,
309 4139 344 4203 9.
370 4123 460 4205 quod
474 4125 587 4192 urbem
603 4127 639 4189 in
653 4128 735 4193 mari
751 4126 839 4191 fitam
855 4130 1038 4192 continenti
1057 4130 1217 4199 adnectit.
