2634 4716
198 417 254 478 ru
282 419 422 479 aona.
450 418 560 479 nrt„
602 420 685 479 nr.
731 419 838 482 em
878 420 958 494 tr,
1047 435 1108 500 1⁰5

61 574 159 662 ialcia
177 608 324 658 curvata.
377 588 433 656 Sic
450 590 542 656 enim
558 613 577 657 a
593 590 749 670 Dionylio
775 558 930 679 [viam]
955 593 1109 661 describi·
1220 594 1223 599 ’

61 715 138 774 rur;
166 718 186 758 a
200 696 363 759 Strabone
377 713 458 757 vero
483 695 559 775 [17.
574 717 608 779 p.
626 697 740 773 568.l.
751 699 852 780 gaii]
873 718 943 762 non
959 694 1126 765 diesunili'

60 799 184 864 forma.
222 815 430 860 cracoorrva.
503 793 645 860 Olivarii
689 796 945 882 explicationem
985 796 1112 885 respuit

59 898 272 973 rodanius,
304 901 360 962 vel
384 919 426 961 ex
440 898 530 961 Mela
549 915 660 962 notua.
711 897 768 964 Sic
788 924 817 974 1,
847 920 902 982 19,
933 902 986 966 16.
1009 903 1112 987 obpo-

59 1000 158 1069 nitur
179 999 331 1085 aequalia
374 997 546 1065 Kirlchius
568 998 605 1062 in
628 1003 816 1085 prolufione
846 1001 1035 1067 scholastica
1057 1024 1110 1069 an.

67 1118 180 1189 ²791·
201 1099 378 1174 difficilem
401 1103 494 1171 hunc
515 1104 629 1166 locum
651 1103 763 1167 censet
786 1107 828 1168 fic
857 1103 1110 1188 explicandum

60 1203 214 1275 Africam
241 1220 311 1266 non
347 1202 529 1267 secundum
555 1201 679 1268 lineam
706 1203 846 1268 omnino
877 1222 1020 1281 rectam,
1055 1207 1113 1275 led

61 1308 255 1396 paullulum
277 1304 320 1367 ad
337 1303 604 1390 septemtrionem
626 1304 761 1393 oblique
783 1309 919 1390 positam
939 1308 1111 1393 protendi3
1146 1352 1148 1357 ι
1186 1378 1190 1385 ,
1235 1388 1239 1397 ¹

61 1411 109 1474 de
132 1422 202 1472 tota
224 1403 318 1471 enim
332 1404 446 1471 Africa
470 1405 529 1470 hic
546 1405 660 1493 loqui,
691 1429 760 1471 non
778 1409 818 1471 de
835 1407 1112 1494 septemtrionalia

61 1528 100 1575 ct
116 1505 352 1573 meridionalia
372 1506 481 1573 litorio
499 1506 640 1585 finibua3
673 1526 745 1573 tum
761 1507 907 1597 Africam
919 1509 1113 1597 Pomponii,

59 1632 137 1679 non
153 1607 354 1674 hodiernam
373 1626 449 1675 ante
469 1614 584 1674 oculos
607 1613 797 1696 ponendam
821 1613 892 1676 elle.
934 1615 1027 1676 Haec
1043 1612 1111 1680 ille.

59 1717 157 1782 Cum
175 1708 375 1786 incurvum,
401 1728 531 1776 rectum
552 1729 585 1775 et
607 1711 723 1776 limilia
738 1735 808 1779 uon
823 1712 883 1776 nisi
901 1715 943 1776 de
960 1713 1113 1779 exuenti·

61 1813 191 1881 rirtibua
212 1809 356 1899 cogitari
377 1813 514 1899 pollint,
549 1814 685 1899 adparet
710 1813 756 1878 ita
780 1818 905 1878 Melam
933 1813 969 1878 in
996 1814 1113 1881 descri-
1149 1824 1152 1829 ’

61 1917 177 1982 benda
197 1912 312 1979 Africa
336 1935 355 1978 a
376 1911 456 1978 Nilo
475 1918 530 1976 vel
552 1914 682 1978 oriente
704 1917 746 1979 ad
770 1917 922 1980 occasum
944 1916 1113 2002 progredi,

63 2033 109 2084 ut
123 2012 277 2080 interiori
295 2015 422 2076 formae
436 2012 597 2098 adiungat
613 2031 776 2081 extremae
790 2034 912 2103 parter.
944 2016 1001 2083 sic
1008 2011 1115 2116 sasti-

61 2134 129 2207 gat
143 2110 181 2215 [a
201 2116 337 2182 molliter
358 2113 503 2200 intelligi
527 2117 636 2180 debet.

137 2315 359 2420 fastigat)
393 2321 540 2383 Verbum
554 2340 572 2382 a
586 2315 688 2381 fabris
705 2336 738 2384 et
752 2317 942 2385 architectis
958 2318 1112 2407 petitum,

66 2421 131 2514 qui
149 2426 190 2489 lic
202 2420 397 2509 instigabant
411 2425 546 2507 templa,
569 2436 609 2483 ut
625 2422 808 2485 desinerent
821 2419 857 2483 in
873 2444 1025 2496 acumen,
1048 2426 1114 2506 [cf.

63 2526 144 2594 Liv.
157 2536 220 2608 44,
238 2544 274 2607 9,
291 2527 348 2607 6.]
374 2524 465 2586 unde
489 2521 679 2608 Geographi
703 2525 744 2588 ad
768 2527 902 2609 planam
923 2542 1045 2589 terram
1064 2549 1114 2591 re·

65 2633 231 2698 tulerunt.
283 2618 339 2690 'sic
361 2623 481 2710 repetit
498 2625 606 2687 noster
625 2640 660 2702 3,
687 2650 717 2698 r.
737 2629 770 2691 6.
802 2629 859 2688 etsi
878 2625 927 2689 ibi
948 2629 990 2693 de
1008 2630 1116 2694 caneo
1165 2636 1168 2641 “

65 2753 151 2814 agro
180 2749 301 2792 vocem
328 2724 542 2811 Hispanicum
568 2743 601 2790 er
625 2726 779 2792 Latinam
806 2718 1008 2793 commiscet.
1058 2727 1116 2796 sie

67 2831 192 2898 Caesar
206 2831 344 2893 dessrss.
359 2848 391 2901 a,
409 2840 442 2905 8.
468 2831 501 2891 in
511 2820 628 2916 fronte
644 2830 754 2893 leviter
763 2821 960 2921 fastigatus.
986 2854 1011 2894 1.
1032 2840 1115 2896 dno·

67 2955 201 3002 arovrva
215 2929 294 2997 MS.
344 2928 480 2993 Dicitur
496 2930 538 2995 dc
559 2926 653 3002 locis,
677 2950 762 3016 quac
779 2932 893 2992 sensim
914 2929 952 2992 in
972 2952 1116 2997 acumen

69 3039 199 3101 abeunt
216 3030 323 3097 veluti
347 3051 491 3103 cuneus,
523 3031 654 3093 flamma
683 3047 717 3094 et
743 3052 761 3093 a
786 3030 962 3095 latitudine
986 3050 1116 3097 contra·

69 3140 211 3203 huntur.
247 3134 365 3199 Senius
381 3128 484 3216 igitur
498 3131 551 3204 eli,
578 3153 656 3196 curn
670 3133 712 3195 ad
730 3129 846 3196 Nilum
863 3135 928 3199 lata
943 3136 980 3197 fit
991 3133 1114 3211 Africa,

68 3254 176 3328 prout
195 3237 239 3301 ad
267 3236 421 3317 occasum
447 3230 574 3318 pergit,
608 3233 723 3297 lensrm
747 3233 927 3321 lerrlimqne
951 3232 988 3297 in
1012 3235 1117 3302 attint
1221 3322 1223 3327 λ

68 3336 217 3428 spatium
233 3334 451 3409 contrahitur,
475 3335 565 3421 quod
581 3351 614 3398 et
629 3332 797 3423 sequentia
814 3336 993 3410 declarant,
1019 3335 1116 3402 Avie·
1135 3346 1142 3357 '

70 3463 140 3509 nur
155 3464 189 3505 v.
209 3443 290 3519 265.
314 3437 361 3502 ita
385 3439 451 3500 hoc
469 3434 634 3502 reddidit:
675 3451 776 3518 caput
793 3439 887 3500 haias
908 3430 1037 3530 cespitis
1058 3461 1118 3503 arr·

70 3559 138 3611 um
151 3545 265 3608 Artius
277 3538 415 3635 araguflo
428 3538 578 3603 conducit
591 3540 689 3603 litora
702 3552 810 3604 tractu
821 3539 1001 3624 Oceanique
1006 3534 1116 3634 solum

69 3666 173 3713 cuneo
183 3635 288 3738 subit.
334 3641 388 3706 Οἱ.
409 3637 544 3719 Dionys.
567 3663 599 3704 v.
622 3657 702 3718 177.
728 3630 947 3720 (lineatae)
973 3656 1007 3705 et
1033 3654 1114 3723 ¹84·

71 3743 251 3834 (plnmiv)
277 3760 312 3809 et
327 3741 395 3827 iple
409 3742 498 3805 Mela
513 3757 547 3820 3,
571 3765 627 3815 ro,
645 3755 681 3821 5.
702 3740 763 3805 ubi
781 3744 814 3806 in
827 3741 930 3840 pirum
944 3733 1002 3836 sui
1011 3736 1116 3840 frfii·

69 3851 187 3938 partu
198 3839 240 3943 J·
258 3837 394 3940 Africae
410 3838 591 3937 ndviffirnus
611 3845 760 3928 angulus.
1227 3845 1230 3850 ’

149 4047 364 4134 molliter)
413 4042 469 4111 sic
486 4045 632 4115 'Tacitus
658 4045 881 4113 indemne.
908 4071 939 4113 ι.
969 4050 1059 4114 molli
1082 4062 1116 4116 et
1239 4086 1242 4090 .

66 4159 240 4229 clearmter
254 4152 343 4221 odiro
363 4151 452 4242 iugo.
487 4148 597 4218 Festus
614 4148 687 4216 ir.
709 4147 841 4239 tangar
863 4154 1118 4237 promontorium
