2634 4716
219 365 284 449 „a
490 338 662 429 uorax·
691 362 995 422 nxacurrceu

220 531 463 631 Mesopotamia
484 539 618 618 proprio
638 549 673 600 et
694 533 813 600 Arabia
833 537 1048 609 Scenitarum.
1081 539 1125 610 ,de
1148 538 1268 621 quibua

220 638 376 729 prolixius
413 637 560 722 exposuit
591 638 745 703 Celloriua
779 641 814 702 in
842 639 960 724 Geogr.
987 653 1052 702 ant.
1080 655 1113 722 5,
1144 654 1201 720 15.
1230 658 1265 705 u.

220 745 332 829 Ipsum
348 762 426 804 vero
447 761 569 803 nomen
591 741 720 825 vulgare
736 743 926 804 adiunctum
949 742 1074 824 Syriae.
1103 744 1215 805 veluti.
1229 740 1267 805 'in

220 846 434 914 Alexandrina
457 842 631 904 bibliorum
652 845 924 925 interpretatione,
954 845 1054 906 rarius
1070 846 1103 906 in
1122 844 1266 931 Vulgata.

224 949 289 1012 seu
308 962 339 1010 et
360 949 403 1006 ita
419 947 536 1027 legitur
551 947 584 1004 iu
600 945 766 1007 Aristotele
781 947 821 1008 de
836 944 974 1007 mirabli.
989 944 1119 1008 auscult.
1137 967 1165 1009 c.
1187 949 1268 1011 161.

222 1051 334 1119 Incola
366 1048 482 1107 dicitur
510 1045 789 1136 Μεσοποταμίτης
819 1047 901 1128 apud
928 1048 1081 1129 Stephon.
1104 1069 1131 1111 c.
1154 1049 1177 1111 1.
1230 1050 1269 1110 lu

221 1150 411 1235 fragmentis
425 1161 533 1209 tamen
543 1148 679 1211 Sallullii
692 1169 733 1211 ex
746 1145 854 1233 glossa
867 1150 901 1209 in
918 1150 1103 1210 Iuvenalem
1113 1170 1145 1232 p.
1159 1152 1270 1214 1012'.

224 1253 298 1331 (ed.
327 1250 439 1327 Cort.)
466 1251 603 1311 occurrit
632 1252 731 1312 etiam
760 1241 1038 1340 Mesopotamium
1080 1254 1115 1311 in
1142 1251 1271 1333 Vopisci

224 1354 397 1425 Aureliano
419 1372 486 1433 cap.
508 1372 563 1415 ιι.
585 1342 825 1442 Mesopotamii.
865 1352 951 1412 Situa
974 1350 1045 1415 satia
1067 1372 1107 1414 ex
1127 1351 1189 1434 ipsa
1211 1372 1271 1416 no·

224 1456 324 1521 minis
350 1454 562 1535 explicatione
590 1452 728 1516 discitur.
781 1453 951 1534 Superior.
988 1472 1067 1534 quae
1094 1455 1269 1526 dicebatur.

224 1553 498 1640 complectebatur
520 1553 671 1637 regiones
694 1555 979 1638 Transtigritanas.
1014 1569 1051 1615 ut
1075 1557 1204 1639 adparet
1226 1576 1270 1635 ex

224 1678 303 1741 pace
319 1654 482 1719 loriniani
497 1648 703 1724 cumPersu'.
729 1655 751 1716 u
770 1652 942 1717 contuleris
959 1658 1100 1718 invicem
1119 1658 1270 1720 Ornliom

228 1773 264 1835 ¹7,
283 1774 342 1837 51.
368 1757 576 1819 Ammianurn
594 1768 653 1831 25,
669 1770 702 1831 7.
723 1769 756 1817 at
765 1757 962 1840 Eutropium
983 1777 1037 1831 ro,
1058 1774 1116 1837 ²7·
1149 1760 1270 1832 Hodie.

225 1860 285 1925 ubi
300 1852 463 1929 Diorbelr.
491 1856 605 1932 Tutela
625 1847 886 1950 Al·Dscstcziro.
1034 1854 1038 1861 ’

303 2060 409 2123 Dum
418 2084 440 2122 a
439 2053 559 2153 scene
566 2061 585 2144 )
637 2061 692 2123 Gr.
710 2055 912 2151 Aepooruyviy
933 2059 972 2124 sc.
991 2055 1109 2150 χώρα,
1133 2064 1221 2147 quod
1238 2080 1270 2128 et

225 2165 316 2229 addit
338 2165 450 2226 Strabo
474 2165 607 2227 lib'.16.
631 2185 663 2246 p.
681 2176 766 2241 520.
790 2160 810 2224 s.
829 2165 914 2239 756.
944 2177 978 2224 et
996 2164 1035 2225 lic
1058 2165 1183 2228 incolae
1206 2168 1271 2230 Aa·

225 2261 400 2357 μασκηνοὶ,
422 2280 457 2326 ut
473 2269 554 2328 etin
572 2266 703 2328 Latinio.
743 2268 781 2324 ln
802 2262 888 2325 sacris
906 2265 1006 2328 literis
1022 2279 1157 2328 vocatur
1171 2274 1270 2330 Aram

94 2402 96 2407 ·
141 2381 146 2388 ·
225 2358 436 2458 Darnpreselr‚
469 2368 574 2428 suain
597 2368 696 2437 valle,
722 2385 819 2448 quam
841 2370 937 2427 variia
955 2368 1146 2430 nominibus
1167 2369 1270 2451 prose·

226 2486 303 2535 runt
317 2470 436 2540 literae,
460 2471 509 2528 uti
524 2466 632 2538 lioba,
652 2468 750 2529 vassis
765 2470 865 2537 Auen,
887 2468 1102 2540 Beth-Edax,
1119 2470 1269 2542 Hadriae,

226 2571 407 2652 dequibus
429 2566 575 2650 exposuit
593 2569 742 2632 Bochart.
765 2571 798 2628 in
821 2569 942 2653 Phaleg
957 2587 989 2637 u.
1010 2584 1042 2644 7.
1060 2568 1084 2633 s.
1118 2573 1271 2636 Straboni

225 2672 284 2735 lib.
312 2671 365 2734 ιθ.
390 2692 421 2752 p.
447 2682 532 2749 5²9·
554 2669 575 2733 s.
602 2683 686 2748 755.
709 2672 752 2733 est
772 2667 893 2732 Κοῖλον
919 2668 1047 2743 πεδίον,
1079 2672 1216 2751 Polybio
1237 2688 1269 2753 5,

226 2788 289 2852 ⁶9,
311 2791 365 2835 ιο.
387 2766 527 2859 ’Aperitur
548 2768 668 2842 πεδίον.
692 2773 750 2832 ubi
766 2770 805 2834 cs.
822 2771 1111 2855 Schweighaeuser.
1139 2775 1270 2838 Nomen

226 2876 322 2939 traxit
343 2894 359 2934 a
378 2872 456 2934 urbe
479 2874 648 2945 Damasco,
675 2895 771 2956 quam
787 2874 839 2934 alii
856 2875 892 2934 in
909 2873 1008 2936 Coele
1026 2874 1115 2954 Syria
1130 2893 1269 2958 ponunt,

119 3042 125 3057 ι
228 2976 417 3044 otl’tolem.
434 2988 466 3052 5.
491 2980 545 3052 ¹5·
569 3008 617 3023 -·-
646 2978 680 3037 in
702 2977 927 3056 Decapolitana
946 2977 1079 3059 regione
1095 2978 1220 3042 Plinius
1237 2994 1270 3059 5,

230 3078 290 3140 ι6.
312 3074 332 3138 s.
356 3088 409 3152 18.
462 3078 497 3136 Si
523 3076 626 3137 latiori
654 3075 741 3138 seusu
762 3078 861 3139 Coele
882 3078 973 3157 Syria
994 3079 1205 3163 intelligitur,
1229 3084 1270 3144 de

227 3199 293 3261 quo
318 3176 406 3260 supra
428 3179 470 3240 esl
491 3180 631 3249 dictum,
665 3181 792 3260 adparet
815 3180 883 3240 eiua
908 3179 988 3241 olim
1012 3196 1132 3261 partem
1157 3184 1271 3245 conlli·

226 3280 329 3342 tuille.
367 3281 510 3344 Orteliua
531 3283 564 3342 in
588 3279 666 3343 thes.
691 3282 808 3364 Geogr.
824 3282 857 3342 h.
878 3301 911 3342 v.
933 3293 1040 3362 putat,
1072 3286 1209 3346 eandem
1234 3283 1271 3348 in

227 3384 364 3445 concilio
381 3383 630 3445 Chalcedonenli
646 3385 752 3444 vocari
766 3383 974 3443 Phoenicium
988 3382 1189 3449 Libauisram.
1210 3379 1269 3451 Cf.

226 3487 324 3547 etiarn
344 3486 492 3545 Mannert
508 3484 710 3567 Geographie
729 3485 798 3545 Vol.
817 3484 851 3545 6.
873 3483 910 3545 P.
934 3505 962 3545 ι.
980 3504 1012 3565 p.
1030 3495 1117 3563 403.
1152 3489 1202 3549 Ex
1221 3509 1270 3549 ur·

226 3585 279 3655 blo
295 3584 435 3648 Damasci
452 3587 529 3656 litu,
554 3586 610 3646 ubi
626 3605 712 3647 nuuc
732 3585 839 3666 quaeri
856 3585 987 3655 debeat,
1011 3587 1142 3649 iudicari
1157 3591 1271 3670 potest.

228 3687 313 3755 Urbs
338 3689 426 3747 enim
445 3687 544 3748 hodie
567 3687 606 3749 ab
626 3687 739 3748 incolis
766 3700 897 3747 vocatur
919 3687 1074 3758 Demeslr,
1109 3691 1184 3753 telle
1208 3691 1271 3754 Po·

145 3826 148 3832 ·
230 3788 347 3853 oockio
362 3791 460 3850 Tum.
480 3805 512 3850 2.
529 3809 560 3869 p.
576 3809 622 3851 m.
643 3804 706 3864 ι7ι
728 3787 790 3869 sqq.
816 3787 874 3848 ubi
890 3792 985 3849 etiam
1002 3791 1158 3870 prolixam
1177 3770 1271 3856 lrabe-

228 3889 279 3952 bie
294 3892 362 3951 eiua
377 3889 633 3973 descriptionem.
668 3887 719 3952 ef.
736 3893 832 3951 etiam
847 3889 986 3953 Browne
1002 3890 1116 3953 lleiseu
1132 3915 1163 3976 p.
1182 3908 1268 3973 551.

228 3990 314 4072 Lips.
360 3990 490 4053 Causam
513 3994 655 4054 nominis
679 3989 851 4053 fabulosam
877 4009 1111 4055 commemorat
1137 3997 1270 4079 Stepha-

229 4093 339 4158 nuc-h.
358 4115 391 4158 v.
417 4094 604 4161 aDamasco
627 4114 702 4180 rege
726 4092 969 4159 ducittuuinur
987 4093 1043 4175 56,
1068 4113 1100 4171 u,
1129 4117 1158 4162 ι.
1195 4094 1271 4176 Διὸς
