2634 4716
227 409 290 479 epe
435 379 442 389 “
495 358 1036 473 κοτηωπτιοη·
1075 394 1121 439 ”ss

227 570 361 637 Gelleril
383 587 512 647 moues
545 593 606 658 pro
630 591 696 658 quo
723 573 829 639 intel.
853 576 964 638 Victor
983 574 1017 636 in
1047 574 1127 658 epit.
1149 582 1211 657 4⁰·
1231 579 1271 655 4.

226 672 422 756 genitalibus
441 660 637 767 eotrsnmtis.¹
675 676 829 741 Ceterum
851 677 918 757 lei
939 695 1052 759 equam
1072 696 1141 738 non
1162 690 1273 757 putre·

227 775 311 841 scere
338 793 372 842 et
391 780 589 842 reconditam
620 797 678 863 pet
702 791 766 840 tres
797 780 946 861 pluresve
973 796 1074 840 annos
1106 792 1271 858 remquam

227 879 346 941 vinum
361 880 428 943 fieri
447 881 692 966 generosiorem.
716 894 876 963 prseteren
895 875 1107 942 dulcissimam
1122 877 1194 951 esse.
1218 880 1272 942 ed·

180 982 185 997 ⁴
225 981 331 1047 firmet
347 981 497 1044 Aristides
512 984 545 1043 in
568 995 647 1044 orat.
665 982 801 1065 Aegypt.
817 982 858 1043 T.
874 997 906 1043 c.
930 1002 964 1063 p.
983 978 1177 1060 36e.-lebb.
1230 980 1271 1045 lo

226 1096 394 1164 utramque
415 1097 538 1166 pertern
558 1084 751 1146 recentiores
765 1081 806 1144 de
823 1082 891 1144 Nili
906 1102 987 1164 eque
1004 1083 1189 1164 disputeut3
1213 1082 1272 1143 elii

225 1181 355 1245 laudent
376 1196 538 1266 tamquam
563 1183 718 1246 salubrem
732 1181 937 1253 celestium,
963 1185 1015 1243 aiii
1033 1197 1145 1245 contra
1168 1185 1273 1267 depri-

226 1297 340 1355 munt,
373 1285 406 1346 in
430 1286 544 1368 qulbus
566 1286 606 1346 de
624 1286 724 1347 Penw
747 1285 931 1348 recherches
949 1283 1065 1346 snr'let
1088 1285 1270 1369 Egyptieoe

227 1385 270 1448 Τ.
291 1406 320 1448 r.
343 1406 375 1468 p.
399 1400 467 1465 148
485 1385 525 1470 sq.
551 1385 610 1447 ubi
626 1388 762 1447 oliorum
780 1385 960 1448 testimonis
974 1387 1131 1457 contuliu
1157 1401 1271 1451 contre

225 1485 296 1570 ipso
320 1485 378 1548 usu
401 1488 535 1551 edoctus
555 1487 662 1549 laudat
681 1487 819 1549 Souuini
842 1490 884 1549 Τ.
907 1510 935 1551 ι.
959 1509 992 1571 p.
1010 1502 1083 1564 270
1102 1484 1146 1569 sq.
1172 1502 1207 1549 et
1232 1488 1271 1549 fit

225 1590 297 1657 elii.
324 1608 405 1672 quos
426 1590 581 1672 interpres
597 1591 631 1650 in
648 1601 725 1650 note
746 1588 885 1655 subiecte
902 1590 1066 1673 produxit.
1120 1589 1269 1673 Maligni-

225 1692 300 1753 tetis
315 1702 443 1775 ternpus
457 1691 538 1752 intre
555 1689 775 1753 inuntletionls
789 1684 924 1774 lpitluru
940 1691 1105 1753 concludit
1119 1689 1268 1754 Pocoolte

224 1794 268 1856 t.
298 1813 327 1854 r.
354 1813 387 1877 p.
413 1795 496 1873 296.
525 1793 699 1876 alvumque
731 1789 853 1854 solvere
884 1794 1037 1855 edlirrnec
1097 1790 1267 1855 consentit

224 1892 376 1958 Weneleb
393 1893 581 1958 lleise'neclr
597 1895 765 1979 Aegypton
780 1912 816 1974 p.
827 1893 913 1957 160.
939 1893 995 1978 (in
1012 1891 1132 1955 Paulus
1146 1893 1268 1955 samm·

224 1995 306 2081 long
322 2026 371 2044 -
387 1996 424 2059 P.
442 1991 495 2077 3.)
547 1997 633 2057 Hinc
654 1995 837 2077 postulatio,
860 1995 901 2057 tle
915 2012 976 2078 que
992 1991 1032 2058 cf.
1049 1992 1215 2059 iablonski
1233 1995 1268 2058 in

224 2094 373 2161 Pentheo
386 2099 464 2183 Aeg.
481 2098 518 2160 Ρ.
534 2112 568 2163 e.
587 2117 619 2181 p.
642 2096 722 2175 165.
743 2108 777 2157 et
792 2114 875 2178 quos
891 2110 1059 2158 memoret.
1156 2162 1159 2166 A

59 2288 63 2298 “
182 2386 185 2391 ¹
227 2323 230 2331 ·
295 2289 342 2393 [ι
362 2290 449 2395 sibi
473 2300 685 2385 reddidit)
737 2249 965 2384 epperstlroc
997 2294 1267 2385 elegentillimune

223 2405 370 2489 poetices
393 2402 567 2465 locutionis
598 2405 784 2487 exemplum
816 2400 962 2484 placuisse
994 2405 1135 2471 erectori.
1167 2402 1266 2474 unde.

225 2524 325 2587 quom
359 2501 431 2566 serie
463 2503 659 2586 explicuisset
696 2503 883 2566 sententiam
917 2500 1021 2577 luem,
1061 2503 1125 2565 boc
1156 2517 1266 2565 temen

225 2606 334 2667 voluit
366 2605 500 2678 addere,
547 2623 611 2686 quo
644 2607 835 2689 intelligitur
867 2603 988 2667 fluvius
1022 2604 1147 2666 rediisse
1180 2606 1265 2667 intre

225 2706 356 2767 elveum
376 2704 468 2765 suum
489 2717 521 2765 et
545 2707 705 2770 ordinario
728 2704 818 2768 cursu
841 2719 1033 2767 contentum
1054 2704 1136 2768 esso.
1181 2706 1267 2767 Huic

228 2806 326 2867 fintile
348 2806 408 2876 esi,
433 2807 520 2889 quod
538 2805 678 2871 Ovidius
701 2807 779 2869 dicit
800 2807 931 2870 Metam.
949 2824 980 2876 s,
997 2820 1082 2885 303.
1104 2805 1163 2867 ubl
1184 2821 1266 2869 terre

223 2920 369 2990 precator
391 2908 523 2981 lovem,
554 2928 597 2970 ne
617 2910 747 2992 penitus
768 2909 971 2971 exsiccaretur
993 2907 1143 2969 incendio
1163 2908 1266 2972 Phee·

223 3011 343 3081 tontis.
369 3010 499 3072 tandem
518 3010 634 3072 retulit·
647 3031 684 3072 os
703 3011 736 3070 in
750 3001 800 3101 se.
833 3028 858 3071 t.
882 3026 1078 3072 cnouovtvs
1094 3009 1173 3075 MS.
1211 3005 1264 3074 Cf.

222 3113 320 3175 etiam
337 3102 470 3174 Metsrn.
492 3128 522 3182 r.
543 3122 630 3192 423.
660 3109 718 3172 ubi
737 3113 824 3173 idern
845 3111 947 3197 magis
970 3110 1109 3196 exposite
1124 3112 1263 3175 indicite

222 3215 359 3298 antiqno
373 3203 441 3306 sna
451 3206 594 3302 flumina
613 3211 755 3275 reddidit
775 3212 877 3276 alveo.

298 3417 533 3498 arsimolin)
582 3418 633 3480 De
652 3415 848 3498 serpentibus
869 3414 948 3477 dicit
964 3413 1150 3479 Schollelles
1170 3415 1264 3481 tuve-

223 3512 304 3579 nslis
324 3528 378 3594 15,
396 3530 431 3596 5.
452 3531 489 3577 ut
507 3519 547 3579 dc
563 3519 642 3590 illis,
669 3537 748 3600 quae
766 3515 836 3577 sunt
854 3516 915 3578 illis
934 3517 1062 3586 similia,
1088 3516 1151 3579 boc
1170 3518 1264 3581 intel·

222 3618 281 3703 ttgt
300 3630 455 3700 oporteat,
477 3621 563 3700 quod
579 3621 676 3681 etism
689 3617 966 3682 testeturOridius
980 3616 1114 3683 Metsm.
1129 3639 1159 3690 t,
1173 3629 1261 3699 423.

225 3715 316 3809 [tid.
335 3713 458 3806 supre]
502 3720 563 3781 Sed
598 3733 706 3782 temen
732 3733 861 3804 eppsret
889 3720 952 3782 hoc
975 3734 1097 3783 eventu
1126 3720 1262 3785 nettttell

223 3819 379 3903 quosdam
401 3818 513 3883 abusos
535 3821 605 3894 esse,
632 3838 669 3884 ur
688 3823 815 3884 credere
836 3821 1010 3891 voluerint,
1034 3822 1133 3883 etiem
1156 3822 1263 3885 lrorns·

223 3940 283 3984 nes
298 3922 339 3982 fic
350 3921 484 4003 potuisse
497 3924 639 4004 primum
655 3921 752 3995 nescir
775 3916 838 4007 [ci.
854 3924 988 3986 Diodor.
1004 3942 1034 3991 r.
1052 3916 1128 4008 ro.]
1153 3941 1261 4005 eoque

223 4021 366 4105 respectu
388 4037 500 4086 ructor
524 4024 628 4087 noller
651 4024 780 4088 videtur
806 4022 965 4107 scripsisse,
997 4024 1178 4108 Aegyptios
1198 4020 1260 4088 sese

221 4122 442 4235 pmediceville
464 4123 689 4192 vetustissimos
711 4125 903 4203 homicium,
934 4140 973 4190 ut
991 4125 1037 4190 est
1059 4127 1142 4191 circe
1160 4128 1262 4191 finem
