2634 4716
105 390 109 397 ’
230 438 293 505 050
501 426 663 485 nome
700 425 1006 485 exeonmctn

224 590 398 691 'regionem
415 600 518 672 iilam,
545 619 625 683 quae
646 598 746 662 modo
767 597 894 692 Myfia‚
926 600 1032 664 modo
1055 600 1175 664 Aeolia
1196 618 1280 662 vote·

227 715 299 774 tur,
339 723 440 785 quum
465 700 502 764 fl.
538 703 734 783 Rhyndacus
764 703 851 763 illam
885 704 1044 765 terminet
1069 710 1098 764 ι’
1120 702 1280 782 Bithynia.

230 824 256 868 t.
280 822 478 867 ononovtvt
495 804 572 883 MS.
624 806 686 866 Sex
706 805 841 866 omnino
857 806 1072 889 cognomines
1090 819 1226 867 montet
1239 824 1280 866 te

224 904 359 969 'censent
381 906 493 969 Strabo
516 904 569 968 to.
594 926 626 988 p.
647 919 730 986 524.
753 903 774 968 f.
797 917 883 983 470.
917 919 949 966 et
973 905 1089 968 Schoi.
1119 904 1281 989 Apollonii

228 1008 269 1071 ad
290 1000 320 1077 ι’,
339 1017 424 1087 598.
459 1008 586 1088 dequo
611 1005 652 1069 cf.
675 1007 713 1068 ad
733 1024 766 1078 α,
789 1020 822 1086 3,
845 1023 878 1070 2.
916 1006 1125 1071 Orteliuo'h.
1145 1028 1179 1068 v.
1206 1009 1280 1071 adeo

229 1110 422 1191 conquiiivit
444 1122 499 1171 ια.
538 1105 681 1199 Myfinm
706 1124 822 1170 vocant
844 1109 930 1170 bnnc
944 1109 1074 1191 plures,
1107 1110 1231 1191 dequo
1252 1121 1280 1170 et

227 1212 371 1274 imminit
394 1207 481 1271 canit
507 1209 628 1271 dictum
650 1213 684 1270 in
714 1212 798 1273 notio
821 1212 936 1272 criticit
962 1231 995 1294 p.
1016 1210 1098 1291 564
1118 1210 1184 1294 sqq.
1225 1214 1279 1273 De·

227 1310 334 1374 scribit
354 1312 511 1393 prolixius
526 1310 638 1375 Strabo
655 1330 680 1373 t.
699 1312 720 1374 l.
746 1333 784 1374 ex
806 1331 870 1394 quo
895 1315 929 1373 in
950 1312 1076 1374 [omma
1100 1319 1176 1375 eine
1200 1329 1278 1395 parte

226 1427 318 1475 erant
341 1434 473 1498 magnae
499 1413 609 1485 silvae.
643 1414 712 1476 loca
734 1427 843 1475 natura
870 1416 997 1476 munite
1020 1428 1054 1477 et
1085 1416 1277 1498 recipiendit
1311 1436 1312 1441 ¹

227 1516 442 1600 praedonibus
475 1530 566 1597 apte3
612 1515 690 1576 hinc
727 1515 913 1601 adtingebat
944 1514 1163 1596 Bithyniam.
1200 1518 1275 1579 illinc

225 1618 370 1680 Troiam.
422 1616 549 1677 Accolet
567 1617 652 1677 idem
669 1629 763 1677 vocat
784 1610 1040 1705 Ὀλυμπηνοὺς,
1076 1612 1165 1700 qboo
1188 1624 1273 1681 etiem

225 1728 407 1781 memorant
423 1708 619 1798 Stephanub,
650 1730 682 1778 et
699 1717 880 1780 Euiinthiut
902 1721 939 1781 ed
957 1720 1101 1783 Homer.
1123 1723 1161 1784 ll.
1176 1742 1205 1789 r.
1226 1732 1271 1799 ιθ.

225 1840 261 1905 p.
278 1841 321 1881 m.
340 1835 400 1882 αι.
426 1832 456 1879 et
481 1819 520 1878 ed
537 1817 671 1897 Dionyi.
690 1839 722 1880 v.
742 1828 826 1894 8¹⁰·
880 1820 994 1883 Turcit
1017 1821 1125 1884 bodie
1151 1838 1271 1883 vomtur

227 1922 371 1982 Kestest
394 1919 509 2001 Dang,
536 1940 631 1983 mom
646 1921 892 1993 monachorum,
918 1923 1170 1993 emonaiterio.
1196 1925 1268 2006 qnod

127 2031 130 2037 ’
225 2023 260 2085 in
284 2043 323 2085 eo
346 2021 389 2083 est
410 2023 559 2104 poiitum.
585 2020 750 2106 (Pococke
765 2025 805 2088 T.
823 2038 854 2103 5.
875 2044 908 2106 p.
924 2045 970 2088 nr.
991 2037 1076 2102 175.
1105 2028 1166 2109 qui
1191 2028 1268 2087 illum

225 2123 388 2187 adscendit
410 2137 442 2184 et
462 2122 647 2207 descripsit.)
698 2124 760 2186 Alii
783 2138 906 2197 tamen,
939 2141 978 2187 ut
1001 2127 1140 2210 Dapper
1161 2131 1197 2190 in
1215 2128 1268 2190 Ain

224 2247 259 2313 p.
277 2247 320 2291 m.
337 2238 422 2307 284.
442 2225 501 2287 alia
520 2227 654 2287 nomina
671 2225 830 2289 adferunt.

392 2432 421 2508 §.
452 2443 484 2508 5.
531 2427 828 2511 Rhyndacum)
864 2429 920 2492 Gr.
936 2425 1137 2509 Ῥυνδακὸς,
1167 2434 1269 2519 penni-

224 2534 304 2595 tima
329 2546 482 2612 correpta.
515 2531 686 2612 (Apollon.
710 2531 819 2593 Rhod.
846 2553 873 2603 t,
900 2533 1007 2610 1165.
1042 2535 1151 2598 Valet.
1180 2538 1268 2598 Flttt.

226 2647 260 2713 3,
279 2645 337 2709 35.
360 2632 415 2690 ubi
432 2630 632 2693 Rhnudacus
655 2634 767 2693 maluit
792 2634 864 2694 dare
880 2632 1099 2706 Burmannus,
1124 2639 1268 2720 aliique.)

225 2731 412 2795 Secundum
431 2732 575 2793 Plinium
593 2744 625 2808 5,
644 2744 704 2812 4ο.
721 2732 742 2795 i.
761 2749 820 2811 32.
844 2748 935 2795 antee
957 2735 1063 2798 dictos
1087 2740 1133 2800 est
1156 2741 1267 2822 Lycos.

90 2878 93 2883 -
151 2884 157 2895 .
224 2832 277 2898 Cf.
295 2833 445 2896 Stuckius
466 2835 505 2894 ad
522 2835 645 2895 Arriani
670 2836 829 2916 periplnm
848 2837 946 2897 Ponti
964 2858 996 2918 p.
1022 2854 1107 2911 127.
1149 2842 1269 2903 Postera

224 2950 326 2998 aetate
351 2934 493 2996 obtinuit
514 2954 637 2997 nornen
660 2936 751 3014 Magi
782 2959 835 3005 us,
861 2938 982 3014 (Schol.
1008 2941 1167 3023 Apollon.
1186 2949 1224 3003 ad
1245 2965 1268 3010 t,

229 3038 352 3114 1165.)
382 3039 446 3106 vel,
473 3051 510 3097 nt
526 3038 599 3096 vult
622 3036 764 3098 Holsten.
789 3040 826 3097 ad
849 3039 1003 3120 Stephan.
1028 3061 1061 3122 p.
1084 3058 1130 3111 27
1138 3057 1172 3121 5.
1201 3045 1268 3105 Mo·

223 3161 258 3202 ce
272 3154 323 3201 tus
344 3158 382 3199 ex
404 3140 632 3203 Strabonem.
656 3158 688 3219 p·
708 3139 791 3216 596.
809 3138 829 3202 s.
851 3143 934 3215 576.
961 3141 1016 3199 nbi
1035 3145 1174 3223 quidem
1199 3148 1268 3207 dicit

223 3240 399 3303 Maeotium
421 3240 629 3319 alihyndaco
651 3242 773 3322 excipi,
806 3243 893 3302 nnde
909 3239 991 3304 forte
1014 3263 1202 3308 commone
1224 3268 1267 3308 nt

225 3356 296 3407 tum
313 3340 354 3402 est
369 3359 500 3404 nomen.
533 3342 574 3402 At
590 3340 933 3425 MegistumaPolybio
944 3356 977 3420 5,
995 3359 1054 3419 77.
1070 3362 1157 3412 extr.
1175 3352 1267 3411 etiam

221 3443 350 3528 probari
366 3441 417 3501 alii
439 3458 566 3524 putant.
611 3443 756 3506 Omnino
775 3456 881 3504 tamen
893 3460 1051 3528 repugnat
1069 3449 1217 3514 Eussntb.
1234 3451 1266 3512 ad

223 3547 358 3607 Homer.
375 3543 413 3606 11.
435 3558 489 3621 13,
507 3559 591 3619 771.
610 3564 643 3627 p.
659 3565 703 3606 m.
723 3556 808 3622 940.
838 3546 892 3626 qni
916 3542 969 3606 suo
992 3561 1142 3630 tempore
1160 3553 1267 3631 Rhyn-

222 3649 292 3710 daci
312 3663 432 3706 nornen
454 3665 529 3706 enm
546 3644 674 3707 servaffe
695 3646 849 3708 adfirmat.
901 3645 1012 3705 Oritur
1031 3649 1063 3707 in
1088 3652 1266 3719 Azanitide.

194 3748 379 3832 ,Phrygiae
399 3760 501 3829 parte.
526 3767 622 3828 qnam
639 3743 837 3833 'Eniurtyrov
857 3760 974 3808 vocant
992 3747 1115 3820 Graeci,
1140 3756 1267 3828 (Strabo

223 3871 251 3914 c.
271 3850 306 3928 i.)
338 3869 431 3930 quare
453 3850 549 3910 etiam
571 3867 647 3910 eum
664 3849 819 3932 Phrygiae
836 3848 1015 3909 adscribunt
1032 3852 1221 3934 Stephanus
1240 3868 1268 3917 et

223 3952 330 4016 Schol.
345 3951 508 4032 Apollonii
526 3971 552 4013 c.
569 3951 592 4014 1.
614 3952 649 4010 in
665 3950 771 4034 stagno
784 3951 915 4030 Artynia
930 3952 1016 4012 iuxta
1033 3953 1267 4039 Miletopolim,

223 4054 327 4134 (Plin.
344 4070 370 4114 c.
389 4053 431 4128 1.)
464 4071 557 4133 qnam
583 4051 697 4112 urbem
728 4052 812 4113 inter
838 4050 990 4131 Cyzicum
1017 4068 1050 4114 et
1078 4055 1266 4134 Bithyniam

222 4157 317 4240 ponit
345 4154 540 4243 Stephanum
582 4152 724 4238 [iignum
747 4154 826 4216 illud
851 4168 959 4215 tutem
982 4173 999 4215 ι
1023 4156 1186 4221 Strabone
1215 4179 1264 4224 ιε,
