<?xml version="1.0" encoding="UTF-8"?>
<!DOCTYPE html PUBLIC "-//W3C//DTD XHTML 1.0 Transitional//EN"
    "http://www.w3.org/TR/xhtml1/DTD/xhtml1-transitional.dtd">
<html xmlns="http://www.w3.org/1999/xhtml" xml:lang="en" lang="en">
 <head>
  <title>
</title>
<meta http-equiv="Content-Type" content="text/html;charset=utf-8" />
  <meta name='ocr-system' content='tesseract 3.04.00' />
  <meta name='ocr-capabilities' content='ocr_page ocr_carea ocr_par ocr_line ocrx_word'/>
</head>
<body>
  <div class='ocr_page' id='page_1' title='image "./desitvorbislibr00melagoog_0296.png"; bbox 0 0 2634 4716; ppageno 0'>
   <div class='ocr_carea' id='block_1_1' title="bbox 281 416 1180 547">
    <p class='ocr_par' dir='ltr' id='par_1_1' title="bbox 281 416 1180 547">
     <span class='ocr_line' id='line_1_1' title="bbox 281 416 1180 506; baseline 0.008 -30"><span class='ocrx_word' id='word_1_1' title='bbox 281 419 334 505; x_wconf 83' lang='lat' dir='ltr'><strong>ru</strong></span> <span class='ocrx_word' id='word_1_2' title='bbox 362 416 501 480; x_wconf 77' lang='lat' dir='ltr'><strong>roua.</strong></span> <span class='ocrx_word' id='word_1_3' title='bbox 532 416 640 479; x_wconf 79' lang='lat' dir='ltr'><strong>uer.</strong></span> <span class='ocrx_word' id='word_1_4' title='bbox 680 416 716 479; x_wconf 85' lang='lat' dir='ltr'><strong>r.</strong></span> <span class='ocrx_word' id='word_1_5' title='bbox 736 420 760 478; x_wconf 85' lang='lat' dir='ltr'><strong>r.</strong></span> <span class='ocrx_word' id='word_1_6' title='bbox 802 418 835 480; x_wconf 84' lang='lat' dir='ltr'><strong>o</strong></span> <span class='ocrx_word' id='word_1_7' title='bbox 856 418 908 481; x_wconf 86' lang='lat' dir='ltr'><strong>rx.</strong></span> <span class='ocrx_word' id='word_1_8' title='bbox 950 423 1029 497; x_wconf 70' lang='lat' dir='ltr'><strong>aa.</strong></span> <span class='ocrx_word' id='word_1_9' title='bbox 1115 430 1180 506; x_wconf 72' lang='lat' dir='ltr'><strong>aa,</strong></span> 
     </span>
     <span class='ocr_line' id='line_1_2' title="bbox 373 516 384 547; baseline 0 -1"><span class='ocrx_word' id='word_1_10' title='bbox 373 516 384 547; x_wconf 89' lang='lat'><strong>.</strong></span> 
     </span>
    </p>
   </div>
   <div class='ocr_carea' id='block_1_2' title="bbox 133 590 1270 1594">
    <p class='ocr_par' dir='ltr' id='par_1_2' title="bbox 136 590 1270 884">
     <span class='ocr_line' id='line_1_3' title="bbox 137 590 1270 680; baseline 0.004 -21"><span class='ocrx_word' id='word_1_11' title='bbox 137 591 282 659; x_wconf 74' lang='lat' dir='ltr'><strong>Horreut</strong></span> <span class='ocrx_word' id='word_1_12' title='bbox 298 606 406 656; x_wconf 90' lang='lat' dir='ltr'><strong>tamen</strong></span> <span class='ocrx_word' id='word_1_13' title='bbox 423 594 458 656; x_wconf 87' lang='lat' dir='ltr'><strong>sn</strong></span> <span class='ocrx_word' id='word_1_14' title='bbox 475 590 646 658; x_wconf 77' lang='lat' dir='ltr'><strong>observatt.</strong></span> <span class='ocrx_word' id='word_1_15' title='bbox 662 615 695 677; x_wconf 85' lang='lat' dir='ltr'><strong>p.</strong></span> <span class='ocrx_word' id='word_1_16' title='bbox 713 592 796 673; x_wconf 75' lang='lat'><strong>265.</strong></span> <span class='ocrx_word' id='word_1_17' title='bbox 811 607 844 657; x_wconf 89' lang='lat' dir='ltr'><strong>et</strong></span> <span class='ocrx_word' id='word_1_18' title='bbox 862 609 933 677; x_wconf 73' lang='lat'><strong>332</strong></span> <span class='ocrx_word' id='word_1_19' title='bbox 950 595 993 680; x_wconf 89' lang='lat' dir='ltr'><strong>iq.</strong></span> <span class='ocrx_word' id='word_1_20' title='bbox 1016 616 1074 680; x_wconf 85' lang='lat' dir='ltr'><strong>per</strong></span> <span class='ocrx_word' id='word_1_21' title='bbox 1094 599 1180 664; x_wconf 80' lang='lat' dir='ltr'><strong>atie·</strong></span> <span class='ocrx_word' id='word_1_22' title='bbox 1263 656 1270 673; x_wconf 75' lang='grc'><strong>,</strong></span> 
     </span>
     <span class='ocr_line' id='line_1_4' title="bbox 137 688 1251 784; baseline 0.009 -29"><span class='ocrx_word' id='word_1_23' title='bbox 137 697 326 781; x_wconf 70' lang='lat' dir='ltr'><strong>gyptiaeum</strong></span> <span class='ocrx_word' id='word_1_24' title='bbox 347 699 449 781; x_wconf 84' lang='lat' dir='ltr'><strong>magia</strong></span> <span class='ocrx_word' id='word_1_25' title='bbox 468 709 558 778; x_wconf 86' lang='lat' dir='ltr'><strong>putat</strong></span> <span class='ocrx_word' id='word_1_26' title='bbox 578 688 759 783; x_wconf 73' lang='grc' dir='ltr'><strong>ιΨᾶμμις,</strong></span> <span class='ocrx_word' id='word_1_27' title='bbox 785 717 841 779; x_wconf 85' lang='lat' dir='ltr'><strong>per</strong></span> <span class='ocrx_word' id='word_1_28' title='bbox 856 721 875 784; x_wconf 71' lang='lat' dir='ltr'><strong>ay</strong></span> <span class='ocrx_word' id='word_1_29' title='bbox 891 717 930 761; x_wconf 84' lang='lat' dir='ltr'><strong>ex</strong></span> <span class='ocrx_word' id='word_1_30' title='bbox 950 701 1177 765; x_wconf 71' lang='lat' dir='ltr'>terminatione</span> <span class='ocrx_word' id='word_1_31' title='bbox 1248 698 1251 703; x_wconf 81' lang='grc'><strong>’</strong></span> 
     </span>
     <span class='ocr_line' id='line_1_5' title="bbox 136 794 1234 884; baseline 0.002 -23"><span class='ocrx_word' id='word_1_32' title='bbox 136 796 256 861; x_wconf 72' lang='lat' dir='ltr'><strong>Graece</strong></span> <span class='ocrx_word' id='word_1_33' title='bbox 269 794 412 880; x_wconf 82' lang='lat' dir='ltr'><strong>proferri.</strong></span> <span class='ocrx_word' id='word_1_34' title='bbox 448 795 500 861; x_wconf 86' lang='lat' dir='ltr'><strong>Cs.</strong></span> <span class='ocrx_word' id='word_1_35' title='bbox 516 798 664 861; x_wconf 86' lang='lat' dir='ltr'><strong>etiamad</strong></span> <span class='ocrx_word' id='word_1_36' title='bbox 680 796 838 862; x_wconf 87' lang='lat' dir='ltr'><strong>Herodot.</strong></span> <span class='ocrx_word' id='word_1_37' title='bbox 848 799 904 861; x_wconf 90' lang='lat' dir='ltr'><strong>lib.</strong></span> <span class='ocrx_word' id='word_1_38' title='bbox 918 815 951 862; x_wconf 80' lang='lat' dir='ltr'><strong>a.</strong></span> <span class='ocrx_word' id='word_1_39' title='bbox 969 802 1013 862; x_wconf 88' lang='lat' dir='ltr'><strong>in.</strong></span> <span class='ocrx_word' id='word_1_40' title='bbox 1038 803 1092 883; x_wconf 85' lang='lat' dir='ltr'><strong>qui</strong></span> <span class='ocrx_word' id='word_1_41' title='bbox 1108 803 1176 884; x_wconf 88' lang='lat' dir='ltr'><strong>qui·</strong></span> <span class='ocrx_word' id='word_1_42' title='bbox 1231 876 1234 883; x_wconf 23' lang='grc' dir='ltr'>Ι</span> 
     </span>
    </p>

    <p class='ocr_par' dir='ltr' id='par_1_3' title="bbox 133 899 1176 1594">
     <span class='ocr_line' id='line_1_6' title="bbox 134 899 1176 985; baseline 0.006 -24"><span class='ocrx_word' id='word_1_43' title='bbox 134 899 211 961; x_wconf 85' lang='lat' dir='ltr'><strong>dem</strong></span> <span class='ocrx_word' id='word_1_44' title='bbox 230 910 365 978; x_wconf 39' lang='lat' dir='ltr'><strong>mairo.</strong></span> <span class='ocrx_word' id='word_1_45' title='bbox 385 901 500 960; x_wconf 85' lang='lat' dir='ltr'><strong>olim&#39;a</strong></span> <span class='ocrx_word' id='word_1_46' title='bbox 521 915 563 963; x_wconf 82' lang='lat' dir='ltr'><strong>tta</strong></span> <span class='ocrx_word' id='word_1_47' title='bbox 581 899 724 984; x_wconf 71' lang='lat' dir='ltr'><strong>regibus,</strong></span> <span class='ocrx_word' id='word_1_48' title='bbox 750 901 784 960; x_wconf 91' lang='lat' dir='ltr'><strong>in</strong></span> <span class='ocrx_word' id='word_1_49' title='bbox 804 901 922 982; x_wconf 83' lang='lat' dir='ltr'><strong>quibua</strong></span> <span class='ocrx_word' id='word_1_50' title='bbox 941 901 993 964; x_wconf 86' lang='lat' dir='ltr'><strong>hio</strong></span> <span class='ocrx_word' id='word_1_51' title='bbox 1008 904 1041 963; x_wconf 90' lang='lat' dir='ltr'><strong>in</strong></span> <span class='ocrx_word' id='word_1_52' title='bbox 1062 904 1176 985; x_wconf 82' lang='lat' dir='ltr'><strong>primia</strong></span> 
     </span>
     <span class='ocr_line' id='line_1_7' title="bbox 133 1000 1175 1083; baseline 0.003 -20"><span class='ocrx_word' id='word_1_53' title='bbox 133 1000 319 1072; x_wconf 65' lang='lat' dir='ltr'><strong>celebratur,</strong></span> <span class='ocrx_word' id='word_1_54' title='bbox 345 1014 506 1083; x_wconf 86' lang='lat' dir='ltr'><strong>tamquam</strong></span> <span class='ocrx_word' id='word_1_55' title='bbox 522 1018 695 1067; x_wconf 70' lang='lat' dir='ltr'><strong>commuue</strong></span> <span class='ocrx_word' id='word_1_56' title='bbox 710 1015 959 1064; x_wconf 90' lang='lat' dir='ltr'><strong>monumentum</strong></span> <span class='ocrx_word' id='word_1_57' title='bbox 979 1003 1175 1067; x_wconf 76' lang='lat' dir='ltr'><strong>exstructum</strong></span> 
     </span>
     <span class='ocr_line' id='line_1_8' title="bbox 133 1099 1174 1185; baseline 0.005 -22"><span class='ocrx_word' id='word_1_58' title='bbox 133 1099 225 1183; x_wconf 72' lang='lat' dir='ltr'><strong>soiss&#39;e</strong></span> <span class='ocrx_word' id='word_1_59' title='bbox 246 1114 360 1165; x_wconf 86' lang='lat' dir='ltr'><strong>narrat.</strong></span> <span class='ocrx_word' id='word_1_60' title='bbox 394 1102 507 1165; x_wconf 84' lang='lat' dir='ltr'><strong>Strabo</strong></span> <span class='ocrx_word' id='word_1_61' title='bbox 527 1121 583 1182; x_wconf 82' lang='lat'><strong>¹7·</strong></span> <span class='ocrx_word' id='word_1_62' title='bbox 604 1121 637 1185; x_wconf 87' lang='lat' dir='ltr'><strong>p.</strong></span> <span class='ocrx_word' id='word_1_63' title='bbox 655 1114 738 1181; x_wconf 82' lang='lat'><strong>557.</strong></span> <span class='ocrx_word' id='word_1_64' title='bbox 754 1101 775 1166; x_wconf 92' lang='lat' dir='ltr'><strong>s.</strong></span> <span class='ocrx_word' id='word_1_65' title='bbox 794 1115 879 1180; x_wconf 71' lang='lat' dir='ltr'><strong>aaa.</strong></span> <span class='ocrx_word' id='word_1_66' title='bbox 899 1105 1100 1167; x_wconf 85' lang='lat' dir='ltr'><strong>conditorem</strong></span> <span class='ocrx_word' id='word_1_67' title='bbox 1115 1124 1174 1169; x_wconf 86' lang='lat' dir='ltr'><strong>no·</strong></span> 
     </span>
     <span class='ocr_line' id='line_1_9' title="bbox 135 1200 1173 1287; baseline 0.004 -21"><span class='ocrx_word' id='word_1_68' title='bbox 135 1205 240 1266; x_wconf 79' lang='lat' dir='ltr'><strong>minat</strong></span> <span class='ocrx_word' id='word_1_69' title='bbox 263 1200 434 1274; x_wconf 71' lang='lat' dir='ltr'><strong>laeenam,</strong></span> <span class='ocrx_word' id='word_1_70' title='bbox 467 1222 526 1285; x_wconf 87' lang='lat' dir='ltr'><strong>pro</strong></span> <span class='ocrx_word' id='word_1_71' title='bbox 549 1221 616 1284; x_wconf 86' lang='lat' dir='ltr'><strong>quo</strong></span> <span class='ocrx_word' id='word_1_72' title='bbox 638 1205 781 1287; x_wconf 84' lang='lat' dir='ltr'><strong>epitome</strong></span> <span class='ocrx_word' id='word_1_73' title='bbox 802 1224 834 1286; x_wconf 87' lang='lat' dir='ltr'><strong>p.</strong></span> <span class='ocrx_word' id='word_1_74' title='bbox 851 1218 934 1269; x_wconf 78' lang='lat'><strong>220.</strong></span> <span class='ocrx_word' id='word_1_75' title='bbox 953 1204 1053 1270; x_wconf 86' lang='lat' dir='ltr'><strong>Huds.</strong></span> <span class='ocrx_word' id='word_1_76' title='bbox 1076 1207 1173 1270; x_wconf 88' lang='lat' dir='ltr'><strong>habet</strong></span> 
     </span>
     <span class='ocr_line' id='line_1_10' title="bbox 134 1294 1174 1392; baseline 0.006 -25"><span class='ocrx_word' id='word_1_77' title='bbox 134 1294 306 1377; x_wconf 81' lang='lat' dir='ltr'><strong>Mainden,</strong></span> <span class='ocrx_word' id='word_1_78' title='bbox 328 1305 376 1365; x_wconf 91' lang='lat' dir='ltr'><strong>uti</strong></span> <span class='ocrx_word' id='word_1_79' title='bbox 389 1301 455 1367; x_wconf 86' lang='lat' dir='ltr'><strong>fere</strong></span> <span class='ocrx_word' id='word_1_80' title='bbox 470 1305 606 1371; x_wconf 74' lang='lat' dir='ltr'><strong>Diodor.</strong></span> <span class='ocrx_word' id='word_1_81' title='bbox 621 1306 684 1369; x_wconf 82' lang='lat' dir='ltr'><strong>Sic.</strong></span> <span class='ocrx_word' id='word_1_82' title='bbox 699 1326 728 1376; x_wconf 83' lang='lat' dir='ltr'><strong>a.</strong></span> <span class='ocrx_word' id='word_1_83' title='bbox 745 1306 804 1369; x_wconf 75' lang='lat' dir='ltr'><strong>oa.</strong></span> <span class='ocrx_word' id='word_1_84' title='bbox 829 1307 862 1367; x_wconf 87' lang='lat' dir='ltr'><strong>in</strong></span> <span class='ocrx_word' id='word_1_85' title='bbox 877 1325 942 1387; x_wconf 88' lang='lat' dir='ltr'><strong>quo</strong></span> <span class='ocrx_word' id='word_1_86' title='bbox 959 1307 1077 1392; x_wconf 78' lang='lat' dir='ltr'><strong>iegitur</strong></span> <span class='ocrx_word' id='word_1_87' title='bbox 1090 1306 1174 1372; x_wconf 82' lang='grc' dir='ltr'><strong>Μὲν·</strong></span> 
     </span>
     <span class='ocr_line' id='line_1_11' title="bbox 137 1401 1173 1492; baseline 0.003 -24"><span class='ocrx_word' id='word_1_88' title='bbox 137 1401 205 1492; x_wconf 64' lang='lat' dir='ltr'><strong>sur.</strong></span> <span class='ocrx_word' id='word_1_89' title='bbox 236 1424 333 1488; x_wconf 88' lang='lat' dir='ltr'><strong>quem</strong></span> <span class='ocrx_word' id='word_1_90' title='bbox 356 1407 480 1488; x_wconf 83' lang='lat' dir='ltr'><strong>aiiquoe</strong></span> <span class='ocrx_word' id='word_1_91' title='bbox 501 1406 651 1467; x_wconf 79' lang='lat' dir='ltr'><strong>Murrum</strong></span> <span class='ocrx_word' id='word_1_92' title='bbox 677 1406 797 1469; x_wconf 80' lang='lat' dir='ltr'><strong>vocasse</strong></span> <span class='ocrx_word' id='word_1_93' title='bbox 819 1406 918 1470; x_wconf 86' lang='lat' dir='ltr'><strong>addit.</strong></span> <span class='ocrx_word' id='word_1_94' title='bbox 971 1408 1044 1471; x_wconf 80' lang='lat' dir='ltr'><strong>Posi</strong></span> <span class='ocrx_word' id='word_1_95' title='bbox 1065 1407 1173 1472; x_wconf 80' lang='lat' dir='ltr'><strong>tamen</strong></span> 
     </span>
     <span class='ocr_line' id='line_1_12' title="bbox 133 1503 1176 1594; baseline 0 -23"><span class='ocrx_word' id='word_1_96' title='bbox 133 1503 191 1592; x_wconf 85' lang='lat' dir='ltr'><strong>(t,</strong></span> <span class='ocrx_word' id='word_1_97' title='bbox 217 1504 301 1592; x_wconf 72' lang='lat'><strong>97.)</strong></span> <span class='ocrx_word' id='word_1_98' title='bbox 324 1503 479 1594; x_wconf 60' lang='grc' dir='ltr'><strong>Μένδητα</strong></span> <span class='ocrx_word' id='word_1_99' title='bbox 504 1505 643 1588; x_wconf 82' lang='lat' dir='ltr'><strong>profert,</strong></span> <span class='ocrx_word' id='word_1_100' title='bbox 678 1508 747 1569; x_wconf 85' lang='lat' dir='ltr'><strong>aliia</strong></span> <span class='ocrx_word' id='word_1_101' title='bbox 772 1507 934 1579; x_wconf 77' lang='lat' dir='ltr'><strong>Martum,</strong></span> <span class='ocrx_word' id='word_1_102' title='bbox 960 1511 1015 1591; x_wconf 91' lang='lat' dir='ltr'><strong>qui</strong></span> <span class='ocrx_word' id='word_1_103' title='bbox 1037 1510 1176 1590; x_wconf 81' lang='lat' dir='ltr'><strong>labyrin-</strong></span> 
     </span>
    </p>
   </div>
   <div class='ocr_carea' id='block_1_3' title="bbox 133 1604 1287 1693">
    <p class='ocr_par' dir='ltr' id='par_1_4' title="bbox 133 1604 1287 1693">
     <span class='ocr_line' id='line_1_13' title="bbox 133 1604 1287 1693; baseline 0.006 -24"><span class='ocrx_word' id='word_1_104' title='bbox 133 1608 242 1679; x_wconf 84' lang='lat' dir='ltr'><strong>thum.</strong></span> <span class='ocrx_word' id='word_1_105' title='bbox 268 1606 400 1693; x_wconf 80' lang='lat' dir='ltr'><strong>sepulcri</strong></span> <span class='ocrx_word' id='word_1_106' title='bbox 418 1610 560 1678; x_wconf 85' lang='lat' dir='ltr'><strong>nomine,</strong></span> <span class='ocrx_word' id='word_1_107' title='bbox 586 1608 780 1671; x_wconf 81' lang='lat' dir='ltr'><strong>exstruxerit.</strong></span> <span class='ocrx_word' id='word_1_108' title='bbox 818 1608 891 1670; x_wconf 88' lang='lat' dir='ltr'><strong>Hoc</strong></span> <span class='ocrx_word' id='word_1_109' title='bbox 909 1608 1088 1692; x_wconf 81' lang='lat' dir='ltr'><strong>sepulcrum</strong></span> <span class='ocrx_word' id='word_1_110' title='bbox 1111 1613 1174 1675; x_wconf 86' lang='lat' dir='ltr'><strong>iate</strong></span> <span class='ocrx_word' id='word_1_111' title='bbox 1284 1604 1287 1611; x_wconf 69' lang='grc'><strong>’</strong></span> 
     </span>
    </p>
   </div>
   <div class='ocr_carea' id='block_1_4' title="bbox 130 1705 1176 2305">
    <p class='ocr_par' dir='ltr' id='par_1_5' title="bbox 130 1705 1176 2305">
     <span class='ocr_line' id='line_1_14' title="bbox 133 1705 1174 1794; baseline 0.005 -24"><span class='ocrx_word' id='word_1_112' title='bbox 133 1720 246 1793; x_wconf 74' lang='lat' dir='ltr'><strong>patene</strong></span> <span class='ocrx_word' id='word_1_113' title='bbox 267 1712 301 1771; x_wconf 90' lang='lat' dir='ltr'><strong>in</strong></span> <span class='ocrx_word' id='word_1_114' title='bbox 322 1711 434 1793; x_wconf 84' lang='lat' dir='ltr'><strong>&#39;operia</strong></span> <span class='ocrx_word' id='word_1_115' title='bbox 453 1711 538 1771; x_wconf 82' lang='lat' dir='ltr'><strong>illiue</strong></span> <span class='ocrx_word' id='word_1_116' title='bbox 557 1724 697 1773; x_wconf 86' lang='lat' dir='ltr'><strong>extreme</strong></span> <span class='ocrx_word' id='word_1_117' title='bbox 721 1725 809 1793; x_wconf 82' lang='lat' dir='ltr'><strong>parte</strong></span> <span class='ocrx_word' id='word_1_118' title='bbox 832 1705 895 1794; x_wconf 87' lang='lat' dir='ltr'><strong>(cf.</strong></span> <span class='ocrx_word' id='word_1_119' title='bbox 914 1712 1010 1773; x_wconf 83' lang='lat' dir='ltr'><strong>etiam</strong></span> <span class='ocrx_word' id='word_1_120' title='bbox 1027 1714 1174 1776; x_wconf 83' lang='lat' dir='ltr'><strong>Herodo-</strong></span> 
     </span>
     <span class='ocr_line' id='line_1_15' title="bbox 132 1803 1175 1897; baseline 0.004 -25"><span class='ocrx_word' id='word_1_121' title='bbox 132 1808 205 1895; x_wconf 85' lang='lat' dir='ltr'><strong>toe)</strong></span> <span class='ocrx_word' id='word_1_122' title='bbox 226 1814 337 1893; x_wconf 87' lang='lat' dir='ltr'><strong>pouit.</strong></span> <span class='ocrx_word' id='word_1_123' title='bbox 365 1812 539 1895; x_wconf 82' lang='lat' dir='ltr'><strong>pyramidie</strong></span> <span class='ocrx_word' id='word_1_124' title='bbox 561 1803 795 1897; x_wconf 71' lang='lat' dir='ltr'><strong>quadrangulae</strong></span> <span class='ocrx_word' id='word_1_125' title='bbox 812 1810 931 1883; x_wconf 83' lang='lat' dir='ltr'><strong>forme,</strong></span> <span class='ocrx_word' id='word_1_126' title='bbox 964 1814 1053 1875; x_wconf 88' lang='lat' dir='ltr'><strong>unde</strong></span> <span class='ocrx_word' id='word_1_127' title='bbox 1074 1813 1175 1876; x_wconf 80' lang='lat' dir='ltr'><strong>d&#39;An·</strong></span> 
     </span>
     <span class='ocr_line' id='line_1_16' title="bbox 130 1910 1176 1994; baseline 0.004 -20"><span class='ocrx_word' id='word_1_128' title='bbox 130 1914 210 1975; x_wconf 83' lang='lat' dir='ltr'><strong>vilse</strong></span> <span class='ocrx_word' id='word_1_129' title='bbox 232 1910 383 1983; x_wconf 77' lang='lat' dir='ltr'><strong>coniicit,</strong></span> <span class='ocrx_word' id='word_1_130' title='bbox 410 1912 467 1973; x_wconf 89' lang='lat' dir='ltr'><strong>ubi</strong></span> <span class='ocrx_word' id='word_1_131' title='bbox 488 1912 521 1974; x_wconf 85' lang='lat' dir='ltr'><strong>h.</strong></span> <span class='ocrx_word' id='word_1_132' title='bbox 541 1912 697 1981; x_wconf 75' lang='lat' dir='ltr'><strong>Havete,</strong></span> <span class='ocrx_word' id='word_1_133' title='bbox 723 1913 938 1994; x_wconf 86' lang='lat' dir='ltr'><strong>quaerendum</strong></span> <span class='ocrx_word' id='word_1_134' title='bbox 955 1912 1015 1976; x_wconf 86' lang='lat' dir='ltr'><strong>eise</strong></span> <span class='ocrx_word' id='word_1_135' title='bbox 1038 1914 1176 1992; x_wconf 83' lang='lat' dir='ltr'><strong>labyrin-</strong></span> 
     </span>
     <span class='ocr_line' id='line_1_17' title="bbox 131 2012 1175 2097; baseline 0 -22"><span class='ocrx_word' id='word_1_136' title='bbox 131 2014 239 2078; x_wconf 87' lang='lat' dir='ltr'><strong>thum.</strong></span> <span class='ocrx_word' id='word_1_137' title='bbox 292 2012 339 2076; x_wconf 86' lang='lat' dir='ltr'><strong>ita</strong></span> <span class='ocrx_word' id='word_1_138' title='bbox 354 2028 460 2076; x_wconf 87' lang='lat' dir='ltr'><strong>tamen</strong></span> <span class='ocrx_word' id='word_1_139' title='bbox 476 2013 588 2075; x_wconf 84' lang='lat' dir='ltr'><strong>Strabo</strong></span> <span class='ocrx_word' id='word_1_140' title='bbox 608 2014 743 2097; x_wconf 80' lang='lat' dir='ltr'><strong>intelligi</strong></span> <span class='ocrx_word' id='word_1_141' title='bbox 763 2013 848 2096; x_wconf 84' lang='lat' dir='ltr'><strong>posse</strong></span> <span class='ocrx_word' id='word_1_142' title='bbox 865 2015 1009 2086; x_wconf 83' lang='lat' dir='ltr'><strong>videtur,</strong></span> <span class='ocrx_word' id='word_1_143' title='bbox 1034 2030 1074 2076; x_wconf 86' lang='lat' dir='ltr'><strong>et</strong></span> <span class='ocrx_word' id='word_1_144' title='bbox 1089 2016 1175 2095; x_wconf 85' lang='lat' dir='ltr'><strong>laby-</strong></span> 
     </span>
     <span class='ocr_line' id='line_1_18' title="bbox 130 2112 1175 2199; baseline 0.002 -22"><span class='ocrx_word' id='word_1_145' title='bbox 130 2115 234 2177; x_wconf 83' lang='lat' dir='ltr'><strong>rinthi</strong></span> <span class='ocrx_word' id='word_1_146' title='bbox 257 2116 310 2177; x_wconf 88' lang='lat' dir='ltr'><strong>iiia</strong></span> <span class='ocrx_word' id='word_1_147' title='bbox 324 2134 398 2199; x_wconf 80' lang='lat' dir='ltr'><strong>para</strong></span> <span class='ocrx_word' id='word_1_148' title='bbox 417 2115 484 2175; x_wconf 88' lang='lat' dir='ltr'><strong>huc</strong></span> <span class='ocrx_word' id='word_1_149' title='bbox 503 2115 622 2197; x_wconf 87' lang='lat' dir='ltr'><strong>prosata</strong></span> <span class='ocrx_word' id='word_1_150' title='bbox 643 2112 739 2174; x_wconf 89' lang='lat' dir='ltr'><strong>suerit</strong></span> <span class='ocrx_word' id='word_1_151' title='bbox 753 2115 867 2186; x_wconf 85' lang='lat' dir='ltr'><strong>uraiori</strong></span> <span class='ocrx_word' id='word_1_152' title='bbox 882 2115 1013 2177; x_wconf 80' lang='lat' dir='ltr'><strong>adnexa.</strong></span> <span class='ocrx_word' id='word_1_153' title='bbox 1052 2118 1094 2179; x_wconf 77' lang='lat' dir='ltr'><strong>Aa</strong></span> <span class='ocrx_word' id='word_1_154' title='bbox 1111 2116 1175 2179; x_wconf 84' lang='lat' dir='ltr'><strong>Pli-</strong></span> 
     </span>
     <span class='ocr_line' id='line_1_19' title="bbox 130 2214 1174 2305; baseline 0.001 -27"><span class='ocrx_word' id='word_1_155' title='bbox 130 2219 209 2281; x_wconf 80' lang='lat' dir='ltr'><strong>niue</strong></span> <span class='ocrx_word' id='word_1_156' title='bbox 229 2218 286 2297; x_wconf 73' lang='lat'><strong>36.</strong></span> <span class='ocrx_word' id='word_1_157' title='bbox 308 2232 362 2303; x_wconf 78' lang='lat'><strong>19.</strong></span> <span class='ocrx_word' id='word_1_158' title='bbox 379 2214 400 2280; x_wconf 88' lang='lat' dir='ltr'><strong>s.</strong></span> <span class='ocrx_word' id='word_1_159' title='bbox 422 2228 477 2295; x_wconf 80' lang='lat'><strong>13,</strong></span> <span class='ocrx_word' id='word_1_160' title='bbox 502 2235 531 2277; x_wconf 86' lang='lat' dir='ltr'><strong>r.</strong></span> <span class='ocrx_word' id='word_1_161' title='bbox 552 2228 626 2276; x_wconf 86' lang='lat' dir='ltr'><strong>aute</strong></span> <span class='ocrx_word' id='word_1_162' title='bbox 641 2233 743 2279; x_wconf 84' lang='lat' dir='ltr'><strong>annoe</strong></span> <span class='ocrx_word' id='word_1_163' title='bbox 761 2215 858 2305; x_wconf 72' lang='lat' dir='ltr'><strong>46q0</strong></span> <span class='ocrx_word' id='word_1_164' title='bbox 881 2215 1093 2287; x_wconf 83' lang='lat' dir='ltr'><strong>aPetesucco‚</strong></span> <span class='ocrx_word' id='word_1_165' title='bbox 1121 2217 1174 2280; x_wconf 81' lang='lat' dir='ltr'><strong>voi</strong></span> 
     </span>
    </p>
   </div>
   <div class='ocr_carea' id='block_1_5' title="bbox 130 2314 1307 2415">
    <p class='ocr_par' dir='ltr' id='par_1_6' title="bbox 130 2314 1307 2415">
     <span class='ocr_line' id='line_1_20' title="bbox 130 2314 1307 2415; baseline 0.001 -36"><span class='ocrx_word' id='word_1_166' title='bbox 130 2318 255 2403; x_wconf 85' lang='lat' dir='ltr'><strong>Tithoe</strong></span> <span class='ocrx_word' id='word_1_167' title='bbox 278 2337 355 2404; x_wconf 75' lang='lat' dir='ltr'><strong>rege</strong></span> <span class='ocrx_word' id='word_1_168' title='bbox 376 2336 452 2380; x_wconf 87' lang='lat' dir='ltr'><strong>eum</strong></span> <span class='ocrx_word' id='word_1_169' title='bbox 475 2316 663 2388; x_wconf 85' lang='lat' dir='ltr'><strong>eonditum,</strong></span> <span class='ocrx_word' id='word_1_170' title='bbox 694 2335 712 2376; x_wconf 87' lang='lat' dir='ltr'><strong>e</strong></span> <span class='ocrx_word' id='word_1_171' title='bbox 738 2314 972 2415; x_wconf 73' lang='lat' dir='ltr'><strong>Psamuretieho</strong></span> <span class='ocrx_word' id='word_1_172' title='bbox 996 2314 1174 2398; x_wconf 82' lang='lat' dir='ltr'><strong>perfectum</strong></span> <span class='ocrx_word' id='word_1_173' title='bbox 1304 2314 1307 2329; x_wconf 67' lang='lat'><em>²</em></span> 
     </span>
    </p>
   </div>
   <div class='ocr_carea' id='block_1_6' title="bbox 130 2416 1177 3216">
    <p class='ocr_par' dir='ltr' id='par_1_7' title="bbox 130 2416 1177 3216">
     <span class='ocr_line' id='line_1_21' title="bbox 131 2416 1172 2503; baseline -0.001 -22"><span class='ocrx_word' id='word_1_174' title='bbox 131 2416 234 2492; x_wconf 80' lang='lat' dir='ltr'><strong>suiffe,</strong></span> <span class='ocrx_word' id='word_1_175' title='bbox 255 2421 360 2490; x_wconf 86' lang='lat' dir='ltr'><strong>tradit,</strong></span> <span class='ocrx_word' id='word_1_176' title='bbox 378 2421 547 2498; x_wconf 76' lang='lat' dir='ltr'><strong>vanosque</strong></span> <span class='ocrx_word' id='word_1_177' title='bbox 563 2418 715 2501; x_wconf 78' lang='lat' dir='ltr'><strong>producit</strong></span> <span class='ocrx_word' id='word_1_178' title='bbox 730 2430 882 2489; x_wconf 70' lang='lat' dir='ltr'><strong>auctorata,</strong></span> <span class='ocrx_word' id='word_1_179' title='bbox 901 2419 955 2499; x_wconf 89' lang='lat' dir='ltr'><strong>qui</strong></span> <span class='ocrx_word' id='word_1_180' title='bbox 974 2418 1026 2479; x_wconf 89' lang='lat' dir='ltr'><strong>vei</strong></span> <span class='ocrx_word' id='word_1_181' title='bbox 1040 2421 1172 2503; x_wconf 81' lang='lat' dir='ltr'><strong>regiam,</strong></span> 
     </span>
     <span class='ocr_line' id='line_1_22' title="bbox 130 2515 1173 2604; baseline 0.001 -21"><span class='ocrx_word' id='word_1_182' title='bbox 130 2523 186 2583; x_wconf 76' lang='lat' dir='ltr'><strong>vei</strong></span> <span class='ocrx_word' id='word_1_183' title='bbox 204 2518 391 2604; x_wconf 84' lang='lat' dir='ltr'><strong>sepulcrum,</strong></span> <span class='ocrx_word' id='word_1_184' title='bbox 414 2521 556 2582; x_wconf 73' lang='lat' dir='ltr'><strong>veisoiia</strong></span> <span class='ocrx_word' id='word_1_185' title='bbox 573 2521 732 2602; x_wconf 82' lang='lat' dir='ltr'><strong>tempium</strong></span> <span class='ocrx_word' id='word_1_186' title='bbox 749 2516 839 2580; x_wconf 87' lang='lat' dir='ltr'><strong>fuisse</strong></span> <span class='ocrx_word' id='word_1_187' title='bbox 855 2515 1039 2601; x_wconf 75' lang='lat' dir='ltr'><strong>scripserint.</strong></span> <span class='ocrx_word' id='word_1_188' title='bbox 1071 2521 1173 2584; x_wconf 77' lang='lat' dir='ltr'><strong>Lucae</strong></span> 
     </span>
     <span class='ocr_line' id='line_1_23' title="bbox 131 2616 1172 2707; baseline 0.003 -24"><span class='ocrx_word' id='word_1_189' title='bbox 131 2626 275 2707; x_wconf 78' lang='lat' dir='ltr'><strong>(voyage</strong></span> <span class='ocrx_word' id='word_1_190' title='bbox 289 2616 366 2684; x_wconf 77' lang='lat' dir='ltr'><strong>dene</strong></span> <span class='ocrx_word' id='word_1_191' title='bbox 379 2623 409 2683; x_wconf 83' lang='lat' dir='ltr'><strong>ia</strong></span> <span class='ocrx_word' id='word_1_192' title='bbox 423 2622 566 2702; x_wconf 88' lang='lat' dir='ltr'><strong>Turquie</strong></span> <span class='ocrx_word' id='word_1_193' title='bbox 579 2622 619 2684; x_wconf 90' lang='lat' dir='ltr'><strong>T.</strong></span> <span class='ocrx_word' id='word_1_194' title='bbox 638 2635 671 2683; x_wconf 79' lang='lat' dir='ltr'><strong>o.</strong></span> <span class='ocrx_word' id='word_1_195' title='bbox 689 2641 721 2703; x_wconf 84' lang='lat' dir='ltr'><strong>p.</strong></span> <span class='ocrx_word' id='word_1_196' title='bbox 741 2623 846 2699; x_wconf 72' lang='lat'><strong>289.)</strong></span> <span class='ocrx_word' id='word_1_197' title='bbox 867 2620 1036 2682; x_wconf 75' lang='lat' dir='ltr'><strong>Pantheon</strong></span> <span class='ocrx_word' id='word_1_198' title='bbox 1060 2623 1172 2686; x_wconf 88' lang='lat' dir='ltr'><strong>credit.</strong></span> 
     </span>
     <span class='ocr_line' id='line_1_24' title="bbox 132 2720 1173 2805; baseline 0.001 -19"><span class='ocrx_word' id='word_1_199' title='bbox 132 2722 241 2805; x_wconf 85' lang='lat' dir='ltr'><strong>ipsum</strong></span> <span class='ocrx_word' id='word_1_200' title='bbox 255 2736 362 2785; x_wconf 84' lang='lat' dir='ltr'><strong>autem</strong></span> <span class='ocrx_word' id='word_1_201' title='bbox 379 2721 650 2785; x_wconf 78' lang='lat' dir='ltr'><strong>Psammetichum</strong></span> <span class='ocrx_word' id='word_1_202' title='bbox 665 2720 851 2784; x_wconf 82' lang='lat' dir='ltr'><strong>Scholiaiiee</strong></span> <span class='ocrx_word' id='word_1_203' title='bbox 866 2722 1080 2804; x_wconf 64' lang='lat' dir='ltr'><strong>Aristophanis</strong></span> <span class='ocrx_word' id='word_1_204' title='bbox 1100 2744 1128 2786; x_wconf 76' lang='lat' dir='ltr'><strong>o.</strong></span> <span class='ocrx_word' id='word_1_205' title='bbox 1150 2725 1173 2787; x_wconf 90' lang='grc' dir='ltr'><strong>Ι.</strong></span> 
     </span>
     <span class='ocr_line' id='line_1_25' title="bbox 131 2815 1176 2911; baseline 0 -23"><span class='ocrx_word' id='word_1_206' title='bbox 131 2818 289 2890; x_wconf 80' lang='grc' dir='ltr'><strong>Χαλεπὸν</strong></span> <span class='ocrx_word' id='word_1_207' title='bbox 320 2839 416 2886; x_wconf 85' lang='lat' dir='ltr'><strong>voeat</strong></span> <span class='ocrx_word' id='word_1_208' title='bbox 446 2822 633 2908; x_wconf 72' lang='grc' dir='ltr'><strong><em>Αἰγυπτίων</em></strong></span> <span class='ocrx_word' id='word_1_209' title='bbox 662 2815 838 2911; x_wconf 74' lang='grc' dir='ltr'><strong>τύραννον.</strong></span> <span class='ocrx_word' id='word_1_210' title='bbox 879 2817 935 2885; x_wconf 75' lang='grc' dir='ltr'><strong>καὶ</strong></span> <span class='ocrx_word' id='word_1_211' title='bbox 973 2820 1176 2889; x_wconf 72' lang='grc' dir='ltr'><strong><em>σκαιότατον</em></strong></span> 
     </span>
     <span class='ocr_line' id='line_1_26' title="bbox 131 2916 1172 3014; baseline -0.004 -25"><span class='ocrx_word' id='word_1_212' title='bbox 131 2917 283 3014; x_wconf 78' lang='grc' dir='ltr'><strong>Βούσιριν</strong></span> <span class='ocrx_word' id='word_1_213' title='bbox 304 2916 611 3013; x_wconf 67' lang='grc' dir='ltr'><strong>ὑπερηκοντηκότα,</strong></span> <span class='ocrx_word' id='word_1_214' title='bbox 644 2925 701 2987; x_wconf 79' lang='lat' dir='ltr'><strong>etia</strong></span> <span class='ocrx_word' id='word_1_215' title='bbox 724 2921 845 2986; x_wconf 85' lang='lat' dir='ltr'><strong>diversa</strong></span> <span class='ocrx_word' id='word_1_216' title='bbox 864 2925 960 2985; x_wconf 82' lang='lat' dir='ltr'><strong>tradit</strong></span> <span class='ocrx_word' id='word_1_217' title='bbox 974 2925 1172 2990; x_wconf 84' lang='lat' dir='ltr'><strong>Herodotua.</strong></span> 
     </span>
     <span class='ocr_line' id='line_1_27' title="bbox 131 3004 1177 3112; baseline -0.002 -20"><span class='ocrx_word' id='word_1_218' title='bbox 131 3030 362 3112; x_wconf 78' lang='lat' dir='ltr'><strong>Septingentoe</strong></span> <span class='ocrx_word' id='word_1_219' title='bbox 387 3004 495 3089; x_wconf 71' lang='lat' dir='ltr'><strong>a&#39;utern</strong></span> <span class='ocrx_word' id='word_1_220' title='bbox 522 3044 623 3090; x_wconf 88' lang='lat' dir='ltr'><strong>annoe</strong></span> <span class='ocrx_word' id='word_1_221' title='bbox 647 3040 721 3089; x_wconf 88' lang='lat' dir='ltr'><strong>ante</strong></span> <span class='ocrx_word' id='word_1_222' title='bbox 746 3027 826 3091; x_wconf 84' lang='lat' dir='ltr'><strong>Chr.</strong></span> <span class='ocrx_word' id='word_1_223' title='bbox 854 3023 897 3087; x_wconf 86' lang='lat' dir='ltr'><strong>N.</strong></span> <span class='ocrx_word' id='word_1_224' title='bbox 918 3026 1057 3110; x_wconf 74' lang='lat' dir='ltr'><strong>regnasse</strong></span> <span class='ocrx_word' id='word_1_225' title='bbox 1083 3028 1177 3090; x_wconf 81' lang='lat' dir='ltr'><strong>chro-</strong></span> 
     </span>
     <span class='ocr_line' id='line_1_28' title="bbox 131 3127 491 3216; baseline -0.003 -24"><span class='ocrx_word' id='word_1_226' title='bbox 131 3130 244 3216; x_wconf 76' lang='lat' dir='ltr'><strong>nologi</strong></span> <span class='ocrx_word' id='word_1_227' title='bbox 261 3127 327 3193; x_wconf 85' lang='lat' dir='ltr'><strong>sere</strong></span> <span class='ocrx_word' id='word_1_228' title='bbox 350 3131 491 3191; x_wconf 85' lang='lat' dir='ltr'><strong>tradunt.</strong></span> 
     </span>
    </p>
   </div>
   <div class='ocr_carea' id='block_1_7' title="bbox 208 3304 1302 3415">
    <p class='ocr_par' dir='ltr' id='par_1_8' title="bbox 208 3304 1302 3415">
     <span class='ocr_line' id='line_1_29' title="bbox 208 3304 1302 3415; baseline -0.006 -20"><span class='ocrx_word' id='word_1_229' title='bbox 208 3311 524 3415; x_wconf 72' lang='lat' dir='ltr'><strong>Labyrinthus)</strong></span> <span class='ocrx_word' id='word_1_230' title='bbox 574 3328 642 3413; x_wconf 82' lang='lat' dir='ltr'><strong>Qui</strong></span> <span class='ocrx_word' id='word_1_231' title='bbox 664 3328 704 3391; x_wconf 85' lang='lat' dir='ltr'><strong>de</strong></span> <span class='ocrx_word' id='word_1_232' title='bbox 724 3345 765 3390; x_wconf 86' lang='lat' dir='ltr'><strong>eo</strong></span> <span class='ocrx_word' id='word_1_233' title='bbox 789 3324 1004 3410; x_wconf 82' lang='lat' dir='ltr'><strong>exposuerunt</strong></span> <span class='ocrx_word' id='word_1_234' title='bbox 1029 3340 1176 3395; x_wconf 85' lang='lat' dir='ltr'><strong>auetoree</strong></span> <span class='ocrx_word' id='word_1_235' title='bbox 1298 3304 1302 3311; x_wconf 35' lang='lat'>⁸</span> 
     </span>
    </p>
   </div>
   <div class='ocr_carea' id='block_1_8' title="bbox 110 3427 1178 4022">
    <p class='ocr_par' dir='ltr' id='par_1_9' title="bbox 110 3427 1178 4022">
     <span class='ocr_line' id='line_1_30' title="bbox 133 3427 1174 3512; baseline -0.009 -16"><span class='ocrx_word' id='word_1_236' title='bbox 133 3447 259 3496; x_wconf 81' lang='lat' dir='ltr'><strong>veteree</strong></span> <span class='ocrx_word' id='word_1_237' title='bbox 279 3430 352 3495; x_wconf 86' lang='lat' dir='ltr'><strong>sunt</strong></span> <span class='ocrx_word' id='word_1_238' title='bbox 368 3431 526 3494; x_wconf 87' lang='lat' dir='ltr'><strong>Herodot.</strong></span> <span class='ocrx_word' id='word_1_239' title='bbox 546 3447 579 3500; x_wconf 71' lang='grc' dir='ltr'><strong>Ω,</strong></span> <span class='ocrx_word' id='word_1_240' title='bbox 600 3442 681 3510; x_wconf 71' lang='lat'><strong>143.</strong></span> <span class='ocrx_word' id='word_1_241' title='bbox 709 3430 823 3492; x_wconf 86' lang='lat' dir='ltr'><strong>Strabo</strong></span> <span class='ocrx_word' id='word_1_242' title='bbox 843 3445 897 3504; x_wconf 78' lang='lat'><strong>17.</strong></span> <span class='ocrx_word' id='word_1_243' title='bbox 914 3450 947 3512; x_wconf 87' lang='lat' dir='ltr'><strong>p.</strong></span> <span class='ocrx_word' id='word_1_244' title='bbox 961 3427 1075 3506; x_wconf 80' lang='lat'><strong>557.{.</strong></span> <span class='ocrx_word' id='word_1_245' title='bbox 1088 3438 1132 3506; x_wconf 65' lang='grc' dir='ltr'><strong>οι</strong></span> <span class='ocrx_word' id='word_1_246' title='bbox 1145 3449 1174 3492; x_wconf 85' lang='grc' dir='ltr'><strong>ι.</strong></span> 
     </span>
     <span class='ocr_line' id='line_1_31' title="bbox 135 3522 1177 3612; baseline -0.006 -14"><span class='ocrx_word' id='word_1_247' title='bbox 135 3537 273 3598; x_wconf 90' lang='lat' dir='ltr'><strong>Diodor.</strong></span> <span class='ocrx_word' id='word_1_248' title='bbox 296 3556 325 3605; x_wconf 85' lang='grc' dir='ltr'><strong>ι.</strong></span> <span class='ocrx_word' id='word_1_249' title='bbox 349 3536 410 3599; x_wconf 84' lang='grc'><strong>66.</strong></span> <span class='ocrx_word' id='word_1_250' title='bbox 445 3533 529 3605; x_wconf 84' lang='lat' dir='ltr'><strong>Plin.</strong></span> <span class='ocrx_word' id='word_1_251' title='bbox 549 3535 609 3612; x_wconf 74' lang='lat'><strong>56,</strong></span> <span class='ocrx_word' id='word_1_252' title='bbox 640 3530 739 3612; x_wconf 78' lang='lat' dir='ltr'><strong>19.s.</strong></span> <span class='ocrx_word' id='word_1_253' title='bbox 767 3542 821 3610; x_wconf 77' lang='lat'><strong>13.</strong></span> <span class='ocrx_word' id='word_1_254' title='bbox 862 3530 911 3592; x_wconf 83' lang='lat' dir='ltr'><strong>Ex</strong></span> <span class='ocrx_word' id='word_1_255' title='bbox 932 3522 1099 3593; x_wconf 84' lang='lat' dir='ltr'><strong>Herodoto</strong></span> <span class='ocrx_word' id='word_1_256' title='bbox 1123 3528 1177 3592; x_wconf 86' lang='lat' dir='ltr'><strong>sua</strong></span> 
     </span>
     <span class='ocr_line' id='line_1_32' title="bbox 110 3620 1178 3700; baseline -0.007 -2"><span class='ocrx_word' id='word_1_257' title='bbox 110 3666 114 3679; x_wconf 91' lang='lat'><strong>·</strong></span> <span class='ocrx_word' id='word_1_258' title='bbox 133 3634 238 3698; x_wconf 86' lang='lat' dir='ltr'><strong>irauiit</strong></span> <span class='ocrx_word' id='word_1_259' title='bbox 253 3634 377 3700; x_wconf 80' lang='lat' dir='ltr'><strong>Noster.</strong></span> <span class='ocrx_word' id='word_1_260' title='bbox 412 3636 563 3697; x_wconf 87' lang='lat' dir='ltr'><strong>Veterum</strong></span> <span class='ocrx_word' id='word_1_261' title='bbox 575 3648 682 3696; x_wconf 85' lang='lat' dir='ltr'><strong>auteur</strong></span> <span class='ocrx_word' id='word_1_262' title='bbox 697 3634 736 3695; x_wconf 89' lang='lat' dir='ltr'><strong>de</strong></span> <span class='ocrx_word' id='word_1_263' title='bbox 752 3651 791 3695; x_wconf 87' lang='lat' dir='ltr'><strong>eo</strong></span> <span class='ocrx_word' id='word_1_264' title='bbox 809 3620 877 3694; x_wconf 84' lang='lat' dir='ltr'><strong>ioca</strong></span> <span class='ocrx_word' id='word_1_265' title='bbox 895 3636 977 3694; x_wconf 85' lang='lat' dir='ltr'><strong>inter</strong></span> <span class='ocrx_word' id='word_1_266' title='bbox 990 3630 1020 3693; x_wconf 91' lang='lat' dir='ltr'><strong>se</strong></span> <span class='ocrx_word' id='word_1_267' title='bbox 1037 3632 1178 3693; x_wconf 85' lang='lat' dir='ltr'><strong>contulit</strong></span> 
     </span>
     <span class='ocr_line' id='line_1_33' title="bbox 132 3733 1176 3821; baseline -0.006 -22"><span class='ocrx_word' id='word_1_268' title='bbox 132 3738 372 3821; x_wconf 86' lang='lat' dir='ltr'><strong>Tempiernann</strong></span> <span class='ocrx_word' id='word_1_269' title='bbox 394 3738 433 3800; x_wconf 80' lang='lat' dir='ltr'><strong>ati</strong></span> <span class='ocrx_word' id='word_1_270' title='bbox 455 3736 588 3798; x_wconf 85' lang='lat' dir='ltr'><strong>Norden</strong></span> <span class='ocrx_word' id='word_1_271' title='bbox 605 3733 697 3798; x_wconf 83' lang='lat' dir='ltr'><strong>sieise</strong></span> <span class='ocrx_word' id='word_1_272' title='bbox 722 3739 770 3811; x_wconf 91' lang='lat' dir='ltr'><strong>(a.</strong></span> <span class='ocrx_word' id='word_1_273' title='bbox 792 3738 916 3813; x_wconf 81' lang='lat'><strong>1779.)</strong></span> <span class='ocrx_word' id='word_1_274' title='bbox 940 3753 971 3815; x_wconf 85' lang='lat' dir='ltr'><strong>p.</strong></span> <span class='ocrx_word' id='word_1_275' title='bbox 995 3746 1080 3817; x_wconf 72' lang='lat'><strong>509.</strong></span> <span class='ocrx_word' id='word_1_276' title='bbox 1125 3734 1176 3793; x_wconf 75' lang='lat' dir='ltr'><strong>tin</strong></span> 
     </span>
     <span class='ocr_line' id='line_1_34' title="bbox 136 3833 1177 3920; baseline -0.009 -18"><span class='ocrx_word' id='word_1_277' title='bbox 136 3840 178 3902; x_wconf 88' lang='lat' dir='ltr'><strong>de</strong></span> <span class='ocrx_word' id='word_1_278' title='bbox 194 3840 311 3904; x_wconf 81' lang='lat' dir='ltr'><strong>eodem</strong></span> <span class='ocrx_word' id='word_1_279' title='bbox 332 3839 501 3920; x_wconf 79' lang='lat' dir='ltr'><strong>loquantur</strong></span> <span class='ocrx_word' id='word_1_280' title='bbox 517 3838 700 3899; x_wconf 81' lang='lat' dir='ltr'><strong>Herodotus</strong></span> <span class='ocrx_word' id='word_1_281' title='bbox 718 3848 749 3899; x_wconf 88' lang='lat' dir='ltr'><strong>et</strong></span> <span class='ocrx_word' id='word_1_282' title='bbox 765 3834 895 3906; x_wconf 83' lang='lat' dir='ltr'><strong>Strabo.</strong></span> <span class='ocrx_word' id='word_1_283' title='bbox 922 3835 976 3898; x_wconf 75' lang='lat' dir='ltr'><strong>etsi</strong></span> <span class='ocrx_word' id='word_1_284' title='bbox 990 3836 1024 3894; x_wconf 90' lang='lat' dir='ltr'><strong>in</strong></span> <span class='ocrx_word' id='word_1_285' title='bbox 1040 3833 1177 3894; x_wconf 84' lang='lat' dir='ltr'><strong>dubium</strong></span> 
     </span>
     <span class='ocr_line' id='line_1_35' title="bbox 132 3931 1177 4022; baseline -0.011 -18"><span class='ocrx_word' id='word_1_286' title='bbox 132 3942 267 4004; x_wconf 63' lang='lat' dir='ltr'><strong>vocarit</strong></span> <span class='ocrx_word' id='word_1_287' title='bbox 282 3941 441 4003; x_wconf 78' lang='lat' dir='ltr'><strong>d’iinviise</strong></span> <span class='ocrx_word' id='word_1_288' title='bbox 458 3938 634 4003; x_wconf 85' lang='lat' dir='ltr'><strong>Memoiree</strong></span> <span class='ocrx_word' id='word_1_289' title='bbox 652 3938 700 3999; x_wconf 91' lang='lat' dir='ltr'><strong>sur</strong></span> <span class='ocrx_word' id='word_1_290' title='bbox 717 3939 864 4022; x_wconf 76' lang='lat' dir='ltr'><strong>I’Egypre</strong></span> <span class='ocrx_word' id='word_1_291' title='bbox 880 3956 911 4019; x_wconf 85' lang='lat' dir='ltr'><strong>p.</strong></span> <span class='ocrx_word' id='word_1_292' title='bbox 927 3938 993 3999; x_wconf 79' lang='lat'><strong>160</strong></span> <span class='ocrx_word' id='word_1_293' title='bbox 1012 3933 1073 4017; x_wconf 79' lang='lat' dir='ltr'><strong>sqq.</strong></span> <span class='ocrx_word' id='word_1_294' title='bbox 1101 3931 1177 3994; x_wconf 80' lang='lat' dir='ltr'><strong>iecit</strong></span> 
     </span>
    </p>
   </div>
   <div class='ocr_carea' id='block_1_9' title="bbox 131 4036 1310 4123">
    <p class='ocr_par' dir='ltr' id='par_1_10' title="bbox 131 4036 1310 4123">
     <span class='ocr_line' id='line_1_36' title="bbox 131 4036 1310 4123; baseline -0.008 -19"><span class='ocrx_word' id='word_1_295' title='bbox 131 4056 240 4123; x_wconf 79' lang='lat' dir='ltr'><strong>tamen</strong></span> <span class='ocrx_word' id='word_1_296' title='bbox 256 4042 289 4103; x_wconf 91' lang='lat' dir='ltr'><strong>id</strong></span> <span class='ocrx_word' id='word_1_297' title='bbox 306 4043 370 4106; x_wconf 85' lang='lat' dir='ltr'><strong>sine</strong></span> <span class='ocrx_word' id='word_1_298' title='bbox 385 4045 500 4104; x_wconf 87' lang='lat' dir='ltr'><strong>idonea</strong></span> <span class='ocrx_word' id='word_1_299' title='bbox 517 4039 622 4112; x_wconf 81' lang='lat' dir='ltr'><strong>eausa,</strong></span> <span class='ocrx_word' id='word_1_300' title='bbox 648 4042 720 4122; x_wconf 88' lang='lat' dir='ltr'><strong>quia</strong></span> <span class='ocrx_word' id='word_1_301' title='bbox 738 4037 860 4100; x_wconf 87' lang='lat' dir='ltr'><strong>diversa</strong></span> <span class='ocrx_word' id='word_1_302' title='bbox 879 4051 1012 4118; x_wconf 82' lang='lat' dir='ltr'><strong>uterque</strong></span> <span class='ocrx_word' id='word_1_303' title='bbox 1029 4036 1081 4097; x_wconf 85' lang='lat' dir='ltr'><strong>via</strong></span> <span class='ocrx_word' id='word_1_304' title='bbox 1097 4054 1174 4096; x_wconf 88' lang='lat' dir='ltr'><strong>eum</strong></span> <span class='ocrx_word' id='word_1_305' title='bbox 1305 4042 1310 4049; x_wconf 90' lang='lat'>&#39;</span> 
     </span>
    </p>
   </div>
   <div class='ocr_carea' id='block_1_10' title="bbox 132 4135 1175 4340">
    <p class='ocr_par' dir='ltr' id='par_1_11' title="bbox 132 4135 1175 4340">
     <span class='ocr_line' id='line_1_37' title="bbox 132 4135 1175 4228; baseline -0.012 -18"><span class='ocrx_word' id='word_1_306' title='bbox 132 4146 292 4218; x_wconf 76' lang='lat' dir='ltr'><strong>adierunt,</strong></span> <span class='ocrx_word' id='word_1_307' title='bbox 316 4143 401 4207; x_wconf 87' lang='lat' dir='ltr'><strong>iiiea</strong></span> <span class='ocrx_word' id='word_1_308' title='bbox 419 4142 644 4228; x_wconf 77' lang='lat' dir='ltr'><strong>septemtrione</strong></span> <span class='ocrx_word' id='word_1_309' title='bbox 660 4143 700 4206; x_wconf 84' lang='lat' dir='ltr'><strong>ad</strong></span> <span class='ocrx_word' id='word_1_310' title='bbox 718 4141 900 4209; x_wconf 84' lang='lat' dir='ltr'><strong>meridiem.</strong></span> <span class='ocrx_word' id='word_1_311' title='bbox 925 4140 979 4201; x_wconf 78' lang='lat' dir='ltr'><strong>hic</strong></span> <span class='ocrx_word' id='word_1_312' title='bbox 990 4135 1030 4199; x_wconf 84' lang='lat' dir='ltr'><strong>ab</strong></span> <span class='ocrx_word' id='word_1_313' title='bbox 1051 4137 1175 4201; x_wconf 75' lang='lat' dir='ltr'><strong>oriente</strong></span> 
     </span>
     <span class='ocr_line' id='line_1_38' title="bbox 179 4239 904 4340; baseline -0.029 -16"><span class='ocrx_word' id='word_1_314' title='bbox 179 4244 279 4340; x_wconf 61' lang='lat' dir='ltr'><strong>reip.</strong></span> <span class='ocrx_word' id='word_1_315' title='bbox 293 4262 386 4321; x_wconf 62' lang='lat' dir='ltr'><strong>ruera</strong></span> <span class='ocrx_word' id='word_1_316' title='bbox 407 4262 524 4338; x_wconf 60' lang='lat' dir='ltr'><strong>magea.</strong></span> <span class='ocrx_word' id='word_1_317' title='bbox 538 4259 617 4319; x_wconf 69' lang='lat' dir='ltr'><strong>aa.</strong></span> <span class='ocrx_word' id='word_1_318' title='bbox 873 4239 904 4303; x_wconf 73' lang='grc' dir='ltr'>Τ</span> 
     </span>
    </p>
   </div>
   <div class='ocr_carea' id='block_1_11' title="bbox 0 0 1322 4716">
    <p class='ocr_par' dir='ltr' id='par_1_12' title="bbox 0 0 1322 4716">
     <span class='ocr_line' id='line_1_39' title="bbox 0 0 1322 4716; baseline 0 1"><span class='ocrx_word' id='word_1_319' title='bbox 0 0 1322 4716; x_wconf 95' lang='lat' dir='ltr'><strong> </strong></span> 
     </span>
    </p>
   </div>
  </div>
 </body>
</html>
