2634 4716
863 226 892 261 s
1004 234 1011 243 .

154 479 162 493 .
232 411 300 479 art.
501 368 666 477 nom
704 410 1033 503 rrmoarrcmr¹

230 592 329 657 novit
344 602 378 671 5.
400 588 454 656 [ue
468 606 568 656 aetate
588 604 629 671 ι5
645 591 697 655 vei
712 592 756 655 16
771 590 909 654 cubitos.
932 589 1120 653 Plutaroimr
1134 587 1176 651 de
1191 586 1277 652 lfide

231 716 266 779 p.
285 705 371 775 452.
391 693 475 778 Lips.
510 696 567 777 qui
587 695 692 756 lunae
704 694 900 757 incrementa
920 694 953 753 in
976 692 1108 755 dire'rfia
1123 682 1205 753 lotia
1225 689 1273 751 dt·

180 828 182 833 ·
228 794 318 861 neria
331 794 482 878 adscripta
497 793 586 859 fuiffe
601 794 714 867 refert,
741 796 916 855 maximnm
931 795 1017 879 apud
1034 792 1273 875 Elephantinen

231 897 292 961 effe
311 909 357 974 aa
372 898 566 969 cubitorum,
588 902 651 978 (13
666 915 705 958 ex
719 897 790 958 aliie
804 897 955 959 emendat
968 895 1128 958 Brodaeua
1138 891 1273 957 Miscell.

164 1010 169 1023 '
233 1000 268 1069 6.
287 1015 347 1063 on.
368 1012 475 1061 contra
490 1017 610 1061 nexum
625 1001 748 1077 tamen)
771 998 946 1059 minimum
961 997 1046 1080 apnd
1061 996 1227 1058 Medetem
1237 996 1273 1067 6.

202 1098 206 1107 “
231 1102 380 1163 medium
403 1103 488 1182 apud
511 1100 680 1183 Memphin
708 1086 782 1179 14.'
817 1100 858 1160 Et
878 1098 918 1160 fic
941 1098 1089 1160 Aristidenv
1111 1099 1210 1160 Tom.
1238 1111 1271 1162 2.

230 1223 265 1284 p.
288 1214 371 1280 555.
386 1202 475 1263 iebb.
499 1198 621 1289 πληροῖ
639 1195 709 1289 περὶ
729 1196 868 1287 Μέμφιν
888 1197 1050 1287 τέτταρας
1065 1193 1273 1285 ›intremi-

232 1299 311 1366 δεκα
331 1299 458 1388 πήχεις.
509 1302 655 1389 Eandem
668 1304 762 1365 variia
776 1304 855 1364 locia
872 1302 1086 1371 direriitatem
1103 1302 1273 1363 confirmat

230 1408 330 1466 etiam
351 1403 502 1468 Pococke
522 1425 549 1469 c.
565 1406 586 1466 1.
614 1405 768 1487 flmuique
788 1402 954 1467 recensum
975 1403 1041 1489 agit
1059 1403 1271 1464 incremento·

205 1524 208 1531 '
230 1526 304 1571 rum
321 1525 377 1586 per
398 1490 687 1590 aetatee'digestum
703 1526 736 1590 p.
757 1515 841 1584 574.
893 1502 945 1569 Cf.
968 1518 1003 1568 et
1016 1503 1173 1567 Herbetot
1190 1502 1270 1565 bibl.

231 1609 348 1671 orient.
365 1604 386 1670 s.
402 1628 435 1670 v.
458 1606 525 1670 Nil.
562 1586 757 1685 Cubitornm
778 1600 941 1692 (πήχεων)
962 1604 1107 1668 mensura
1120 1601 1195 1669 trior
1211 1602 1271 1667 effe

230 1710 357 1771 reterea
371 1709 516 1770 adfirmat
524 1704 708 1772 Suidaai'v.
725 1699 888 1796 Σάραπις.
911 1708 1149 1791 Diacrepaotiee
1161 1720 1272 1768 autem

230 1809 265 1873 in
286 1809 466 1871 auctoribus
484 1808 572 1891 cauit
586 1811 663 1872 inde
681 1809 809 1880 oritur,.·
827 1810 914 1891 qood
926 1810 984 1870 alii
1000 1822 1103 1870 totam
1118 1824 1271 1890 aquarum

231 1911 415 1993 congeriem
436 1895 566 1982 notant,
598 1911 669 1981 alii,
699 1923 738 1972 nt
759 1909 900 1983 Strabo,'
915 1911 1113 1974 adfluentem
1132 1921 1270 1979 tantum,

231 2011 274 2074 de
289 1999 352 2092 nuo
373 2015 503 2072 monuit
517 1996 668 2075 Pocooke
681 2013 780 2076 Tom.
802 2033 831 2073 ι.
850 2032 883 2096 p.
901 2026 986 2091 372.
1036 2013 1089 2077 stc
1107 2012 1140 2073 in
1157 2009 1269 2075 nostrie

230 2113 412 2176 auctoribus
431 2110 594 2176 mensurae
607 2113 798 2199 ambiguitas
811 2113 934 2184 turbat.
959 2126 1057 2197 prout
1072 2112 1125 2175 sua
1138 2096 1269 2195 quinque

229 2215 354 2277 ratione
369 2229 402 2276 et
417 2215 516 2278 modo
530 2218 643 2277 utitur.
670 2216 745 2277 vid.
764 2214 897 2277 Norden
913 2237 946 2298 p.
964 2230 1045 2279 toa.
1068 2228 1137 2295 ¹5⁰
1150 2213 1193 2296 iq.
1208 2213 1266 2276 ni.

229 2317 284 2381 Sic
306 2315 455 2379 Pococke
479 2318 519 2379 T.
541 2335 571 2380 1.
602 2339 635 2400 p.
657 2331 729 2398 375
749 2316 792 2399 [q.
819 2314 1008 2409 frugiferum
1033 2317 1269 2379 incrementum

229 2415 306 2481 iacit
324 2436 367 2480 oo
378 2453 423 2464 --
434 2433 480 2481 on
497 2417 700 2490 cubitorum
719 2421 733 2496 (
741 2418 837 2481 Peekr
852 2422 966 2495 vocat)
991 2418 1269 2507 23-24‘Lnoat

230 2538 357 2602 voyage
373 2519 449 2580 dana
465 2510 494 2578 ia
507 2519 650 2599 Turquie
671 2521 711 2583 T.
729 2535 763 2583 Ω.
783 2539 816 2602 p.
836 2531 895 2598 75.
926 2516 1046 2583 Rooke
1063 2532 1109 2600 3²
1128 2519 1269 2603 pedumt

229 2620 326 2683 Shaw
349 2621 388 2681 T.
407 2634 439 2680 n.
464 2638 497 2700 p.
517 2632 598 2696 175.
623 2619 723 2699 (veri.
742 2621 917 2705 Francog.)
941 2621 1000 2682 ubi
1019 2623 1118 2684 etiam
1138 2621 1269 2684 variet·-

176 2790 183 2795 ,
229 2731 297 2802 tero
314 2733 482 2780 auctorum
497 2711 739 2793 commemorat,
767 2724 810 2786 16
828 2722 1031 2796 cubitorum
1055 2721 1183 2800 volney
1196 2740 1267 2807 pag.

233 2834 292 2901 32.
310 2840 337 2883 c.
352 2821 374 2882 1.
399 2821 432 2881 in
450 2818 542 2882 Delta
559 2836 619 2884 aa.
643 2824 698 2904 qui
717 2825 905 2886 mutationi·
924 2822 1046 2886 musam
1065 2824 1179 2887 necin
1201 2821 1268 2907 ipio

230 2922 327 3005 Nilo,
351 2941 411 2984 nec
427 2922 461 2983 in
476 2923 606 2984 adaucta
622 2938 700 2986 terra
714 2926 852 3005 quaerit,
886 2924 936 2987 sed
953 2924 1186 2989 inNiiometro
1205 2939 1269 2987 tur·

232 3022 323 3094 bato.
358 3024 448 3087 cuiue
469 3023 579 3086 testem
602 3026 749 3106 producit
767 3026 937 3097 Pooocke.
957 3028 1013 3109 qui
1031 3025 1065 3088 'ie
1084 3026 1197 3091 ridiffe
1216 3027 1267 3090 ed·

229 3127 347 3189 firmet.
379 3126 500 3189 Contra
514 3126 609 3188 Shaw
624 3147 650 3188 c.
666 3127 688 3189 l.
711 3128 846 3191 eandem
863 3129 962 3190 hodie
975 3129 1161 3191 cobitorum
1178 3148 1267 3192 men·

228 3226 331 3289 Iuram
354 3227 459 3289 valere
481 3228 657 3300 contendit.
685 3249 723 3290 ex
748 3229 843 3291 statua
859 3227 927 3292 Nili
949 3250 1025 3292 eum
1047 3231 1091 3295 16
1111 3233 1220 3313 pueris
1236 3243 1268 3294 et

228 3348 333 3392 numo
354 3330 500 3398 Traiani,
538 3331 573 3389 in
596 3348 661 3411 quo
682 3350 762 3414 puer
791 3331 870 3394 [iana
896 3350 1071 3395 numerum
1099 3332 1268 3419 redigite

229 3426 396 3492 monstrat.
444 3426 496 3494 Of.
519 3430 603 3494 Plin.
620 3434 678 3509 56.
699 3453 753 3495 ιι.
773 3432 793 3496 [.
813 3448 846 3507 7.
879 3433 1059 3496 Philostrati
1074 3434 1162 3497 icon.
1184 3456 1214 3505 a,
1233 3447 1266 3513 5.

227 3544 263 3595 et
288 3533 417 3592 Lucian.
441 3532 477 3592 in
494 3532 661 3594 rhetorum
681 3549 883 3617 praeceptore
900 3554 967 3617 cap.
987 3537 1020 3600 6.
1057 3535 1207 3600 Oleariue
1227 3534 1267 3599 eti

227 3630 408 3696 Philostrat.
429 3652 457 3695 c.
481 3632 503 3695 Ι.
555 3636 605 3697 De
632 3635 724 3695 limiii
754 3637 895 3722 imagine
925 3636 961 3698 in
984 3657 1085 3699 numo
1112 3638 1267 3701 Hadriani

229 3733 404 3818 §probem
420 3733 459 3793 de
473 3733 528 3794 usu
543 3769 592 3783 -
609 3756 699 3799 nuru.
714 3738 754 3800 T.
769 3757 799 3802 ι.
812 3754 845 3820 p.
861 3748 941 3819 ¹⁷4·
961 3738 996 3800 in
1013 3739 1107 3801 statur
1118 3738 1266 3803 Ficoroni

227 3837 264 3900 in
289 3833 466 3919 [ingolariti
492 3836 526 3896 di
550 3824 655 3899 Rome
672 3838 727 3901 tib.
752 3854 785 3901 o.
811 3859 838 3901 c.
863 3855 895 3904 n.
919 3860 952 3922 p.
974 3852 1029 3919 15.
1080 3839 1211 3925 Nempe
1230 3852 1265 3902 nt

227 3936 418 4001 incrementi
435 3949 562 4019 tempu·
584 3941 785 4022 modumque
802 3939 923 4011 scirent.
946 3941 1097 4004 structum
1111 3942 1267 4023 erat2Ner·

226 4033 418 4128 λομὲτριον.
451 4038 486 4098 in
512 4038 612 4102 insula
644 4030 857 4126 Elephantine
881 4032 1013 4119 (Strabo
1040 4056 1096 4120 17.
1123 4065 1156 4128 p.
1179 4046 1264 4123 5⁶2.

226 4138 251 4207 t.
269 4150 356 4220 817·
370 4135 396 4207 i.
420 4139 587 4206 Heliodor.
597 4158 632 4222 9.
649 4163 683 4226 p.
693 4140 1090 4226 443.),Narirnrrorrior.
1114 4144 1267 4237 Memphi
