2634 4716
262 419 918 488 meour.uau.1.1.cxrv.
1049 437 1114 509 4¹7
1186 422 1192 435 '

69 603 151 666 illud
171 621 290 664 nomen
309 603 433 665 inveni.
467 601 614 662 Termini
629 602 667 661 ad
683 618 768 664 mara
785 600 852 664 satie
866 622 905 664 ea
921 602 1005 666 Mela
1023 606 1115 668 intel·

71 707 239 790 ligantur.
265 706 335 773 etsi,
363 705 447 785 quod
464 717 498 765 et
521 705 554 763 iu
579 700 642 786 ipsa
664 702 861 784 expositione
876 706 1054 785 adparebit.
1082 713 1116 769 et

70 805 166 889 supra
184 808 216 865 in
233 804 345 866 Cilicia
361 819 506 879 notatum
523 802 581 873 esi.
605 805 657 864 alii
672 805 861 885 discrepant.
897 808 1009 869 Strabo
1025 812 1117 871 enim

70 909 131 970 lib.
155 918 208 985 ¹4·
227 928 259 989 p.
276 917 359 985 459.
381 904 402 967 s.
418 907 503 980 667.
527 904 565 966 ab
589 904 683 967 Olbia
713 904 834 988 profert
858 908 893 967 ad
919 906 1117 972 Ptolemaida

69 1029 176 1093 prope
192 1009 409 1079 Coracelium3
443 1007 646 1069 Ptolemaeus
663 1019 697 1084 5,
717 1020 749 1084 5.
774 1007 812 1068 ab
828 1008 921 1069 Olbia
938 1014 974 1070 ad
994 1012 1115 1074 Sidam.
1182 1048 1185 1061 ·

70 1112 263 1174 Secundum
295 1109 436 1170 Plinium
459 1123 492 1185 5,
518 1123 575 1184 23.
595 1106 615 1170 s.
640 1123 697 1181 27.
732 1107 863 1171 Ciliciae
895 1111 1117 1193 Pamphyliam

74 1231 192 1275 omnes
215 1214 364 1278 iunxere.
396 1211 539 1294 neglecta
564 1223 659 1294 gente
683 1208 823 1272 IsauricaL
878 1213 968 1291 Qirae
984 1215 1117 1294 quidem

54 1313 417 1396 ·1eprehenfiolVlelam
440 1331 505 1372 non
528 1309 617 1380 serit,
650 1313 703 1393 qui
727 1330 815 1373 oram
841 1312 1000 1382 describit.
1030 1314 1118 1396 supra

75 1434 175 1497 quam
201 1416 278 1476 olim
305 1433 417 1495 parum
444 1411 626 1483 recedebat,
664 1415 704 1474 de
730 1432 795 1494 quo
823 1413 1006 1475 consulendi
1035 1417 1119 1480 Geo-

74 1517 204 1602 graphi.
249 1516 372 1575 incolae
389 1513 580 1596 Pamphyli,
606 1514 691 1595 quod
709 1512 844 1595 praefert
862 1517 1045 1578 Herodotus
1063 1537 1119 1581 uo·

74 1632 166 1678 tante
185 1617 392 1677 l'alckenario
405 1617 443 1705 ad
462 1631 495 1691 7,
517 1634 577 1695 91.
600 1629 633 1678 et
655 1616 857 1696 Pamphylii,
883 1618 916 1676 in
941 1618 1027 1677 libris
1047 1638 1120 1699 pro·

74 1716 200 1783 miscuo
219 1715 288 1786 usu,
314 1718 370 1780 etsi
385 1717 446 1779 hoc
462 1717 619 1778 adiective
636 1718 743 1800 potius
760 1719 824 1776 dici
840 1716 944 1778 censet
958 1720 1119 1803 Schweig-

71 1818 221 1882 haeuser.
248 1821 286 1880 ad
313 1820 602 1901 appian.p.114.
654 1815 705 1881 Cs.
734 1817 936 1899 denuoque
962 1821 1120 1902 Lenpard.

30 1976 51 1983 ,.
75 1921 256 1984 emendati.
275 1938 308 1997 9.
328 1937 362 1982 2.
393 1933 426 1981 et
445 1922 580 1980 Torren.
604 1919 642 1979 ad
668 1919 767 1982 Valer.
792 1919 877 1983 Max.
900 1941 927 1989 i,
946 1934 979 1998 8.
1002 1936 1066 1984 ext.
1089 1943 1120 1987 ι.

75 2023 169 2087 Hinc
181 2041 257 2083 vero
274 2015 493 2106 Παμφυλίὸες
506 2016 625 2104 πόληες
639 2020 790 2079 dicuntur
802 2038 819 2080 a
832 2023 983 2099 Dionylio
1000 2027 1120 2107 perieg.

10 2124 40 2187 ⁸.
76 2144 113 2186 v.
133 2133 218 2201 354.
254 2117 460 2183 Poss'essrvurn
477 2118 745 2200 I’amplryliacum
766 2135 856 2180 notat
872 2125 970 2184 etiam
990 2127 1121 2207 Stepha-

10 2230 31 2281 .'
58 2244 154 2293 -nuc
191 2224 298 2285 Hodie
317 2236 439 2306 partem
456 2221 659 2284 Caramauiae
680 2219 855 2283 constituit.

30 2480 33 2485 .
152 2424 346 2508 Melas)
400 2425 456 2487 Gr.
480 2420 611 2499 Μέλας,
638 2422 727 2486 unde
750 2418 919 2499 Μέλανος,
952 2428 1008 2509 qui
1035 2425 1122 2491 casua

61 2522 197 2615 ,passim
220 2530 387 2609 reperitur.
427 2525 542 2588 Strabo
553 2544 585 2588 c.
602 2526 623 2587 l.
645 2521 796 2612 ποταμόν
813 2523 886 2586 iacit
907 2541 938 2588 et
958 2521 1120 2616 ὕφορμον.

10 2654 26 2669 ·
79 2632 124 2694 ln
140 2630 199 2691 litu
221 2626 424 2690 consentiunt
438 2638 596 2694 auctoree.
621 2627 677 2707 qui
693 2612 794 2707 prope
808 2627 916 2689 Sidam
931 2648 1006 2690 eum
1024 2631 1121 2694 liuere

79 2743 221 2800 narrant,
249 2731 351 2790 veluti
368 2725 532 2790 Pausaniae
548 2738 581 2804 8,
597 2739 655 2804 ag,
674 2743 708 2788 a.
733 2729 790 2808 qui
804 2744 901 2808 aquae
915 2729 1033 2815 frigore
1047 2751 1123 2795 cum

10 2856 31 2879 ν
82 2833 205 2912 Cydno
223 2831 352 2893 Ciliciae
374 2841 550 2910 comparat,
576 2827 719 2891 Zosimue
734 2840 766 2906 5,
786 2830 842 2911 μ6,
860 2845 893 2904 7.
943 2824 972 2893 vA
995 2832 1122 2896 Melane

82 2948 195 2996 tamen
215 2933 327 2995 Sidam
360 2943 404 3008 5ο
432 2930 535 2992 stadiie
561 2943 708 2991 removet
733 2931 880 3012 Periplue
908 2930 1123 2997 bibliothecae

64 3033 196 3100 tEscur.
220 3033 393 3117 (Mannert
413 3052 446 3113 p.
460 3044 540 3109 123.
557 3051 585 3092 c.
601 3028 647 3112 l.)
686 3032 862 3111 antiquum
878 3031 1007 3096 Ciliciae
1023 3036 1123 3097 linem

81 3135 176 3201 soille
192 3134 295 3196 scribit
309 3135 434 3195 Pliniua
449 3147 481 3211 5,
499 3149 557 3195 aa.
575 3129 597 3194 s.
614 3147 672 3204 27.
694 3132 899 3212 Pamphyliae
916 3152 989 3193 cum
1006 3135 1123 3200 Noilro

10 3270 26 3309 ι,
84 3238 228 3321 adsignat
246 3236 358 3299 Strabo
376 3255 403 3296 c.
421 3234 443 3294 l.
495 3233 558 3296 Sed
582 3235 621 3294 de
643 3233 805 3313 ritriueque
826 3234 1011 3317 regionibus
1034 3234 1125 3319 supra

85 3342 127 3404 ad
143 3358 171 3400 c.
194 3353 248 3416 ¹5·
264 3351 342 3399 extr.
386 3337 486 3400 Vetua
508 3354 630 3398 nomen
645 3335 681 3396 iu
697 3333 802 3396 tabula
820 3336 905 3398 Aliae
920 3337 1054 3418 minaria
1071 3338 1128 3421 ad<

10 3512 18 3523 ,
69 3430 196 3527 'posuit
217 3438 378 3504 Pococke.

68 3638 72 3643 ’
163 3639 296 3723 siaa)
334 3635 501 3725 dimite.
534 3618 1125 3724 NomenderiratstepbanuaaSide,

41 3776 45 3781 ·
73 3740 252 3821 ,Mentauri
266 3742 290 3805 s.
305 3734 402 3806 Tauri
423 3742 579 3820 (Holsien.
595 3762 627 3824 p.
641 3744 741 3822 291.)
762 3742 834 3812 filia,
861 3743 944 3805 Moli
967 3743 987 3807 s.
1004 3744 1127 3809 Cimoli

10 3864 17 3875 ·
73 3830 179 3926 'laid
191 3845 256 3922 ibi)
275 3865 388 3909 uxore.
424 3844 631 3906 Recentioree
645 3840 752 3905 tamen
770 3842 964 3928 probabilius
980 3846 1126 3909 derivant

34 4006 37 4013 .
88 3970 109 4013 a
131 3948 284 4010 Boeotica
307 3966 389 4009 voce
405 3941 502 4037 sida,
534 3963 613 4028 quae
635 3946 756 4006 malum
782 3945 940 4007 Punicum
966 3945 1126 4032 significet,

85 4047 296 4138 (athenaeus
314 4060 370 4133 14,
391 4063 445 4122 27.
463 4067 496 4129 p.
514 4049 599 4125 650.
616 4066 655 4109 ex
674 4044 923 4134 Agatharchide)
948 4050 1128 4112 confirmati

87 4154 219 4227 numu,
250 4153 287 4216 iu
309 4149 426 4236 quibua
447 4148 570 4215 mum
586 4149 747 4229 Punicum
762 4150 909 4247 adparet..
955 4149 1128 4225 incilicia
