2634 4716
209 374 287 473 aaa
428 390 642 467 ‚norun
682 362 986 452 rxrrrrrcu
1048 447 1051 451 .

215 563 359 640 claudit,
385 563 482 630 cuiue
506 564 641 628 initium
663 563 804 629 minime
821 581 1010 637 notaverat,
1038 559 1170 625 dictum
1186 554 1259 624 latia

217 658 262 733 elt
282 667 318 731 in
339 660 427 731 'notis
445 666 570 734 criticis
587 690 619 755 p.
632 671 709 750 465
722 668 788 755 qu.
841 671 957 753 Neque
983 667 1103 731 adhuc
1116 684 1193 726 eam
1213 682 1261 724 re·

205 788 355 835 'movere
378 767 490 855 potui,
524 772 579 832 etti
593 770 660 834 hoc
675 772 798 833 Melam
815 766 1098 837 dicerevoluille,
1130 782 1189 829 aut
1209 764 1262 826 de·

170 872 173 879 '
217 871 322 937 buille
338 874 491 957 adparet:
516 869 731 956 Pamphyliue
749 874 834 934 finus
849 869 1020 959 utrimque
1042 865 1143 933 Sidae
1163 881 1262 954 portu

221 991 255 1039 et
270 971 374 1037 Tauri
387 971 625 1058 ,promontorio
648 971 869 1037 concluditur.
944 1026 947 1031 .

298 1177 617 1261 promontorio)
665 1175 771 1242 Tauri
785 1192 902 1249 vocat,
928 1172 1006 1262 quia
1022 1173 1103 1236 inde
1120 1169 1158 1235 in
1174 1191 1266 1235 mare

222 1276 401 1364 prominet.
438 1277 493 1343 Sic
516 1295 549 1341 et
562 1276 693 1343 Plinius
711 1292 745 1358 5,
770 1292 825 1354 aa.
845 1279 865 1341 s.
886 1294 942 1349 27.
992 1280 1034 1342 At
1048 1271 1168 1338 habuit
1181 1272 1267 1337 illud

151 1376 155 1383 '
222 1382 392 1465 peculiare
412 1402 545 1452 nomen,
568 1378 733 1443 variatum
747 1382 834 1444 licet.
877 1380 1097 1442 Chelidonium
1121 1376 1268 1462 adpellit

223 1480 353 1545 Plinius
374 1497 408 1560 5,
427 1500 485 1551 27.
501 1481 547 1544 in.
572 1483 695 1543 Taurus
717 1503 816 1555 mons,
841 1479 962 1566 inquit,
986 1479 1027 1541 ab
1042 1478 1123 1543 Eois
1139 1481 1268 1540 veniens

126 1652 132 1659 ,
223 1583 366 1647 litoribus
386 1585 572 1648 Chelidonio
589 1586 806 1662 promontorio
827 1580 930 1672 finum
946 1581 1158 1674 dfiermirrat.
1189 1580 1269 1644 Cha

224 1683 376 1746 lidrmium
407 1689 658 1765 promontorium
682 1687 780 1746 habet
801 1682 903 1747 etiain
923 1680 1040 1746 Liviuu
1065 1698 1125 1762 33,
1146 1692 1211 1762 41,
1234 1682 1267 1746 6.

226 1786 343 1862 Sorax
360 1808 389 1867 p.
404 1802 460 1864 39.
478 1784 580 1849 lluds.
617 1787 821 1853 Chelidonias
839 1786 881 1847 de
894 1782 1126 1870 promontorio
1141 1798 1176 1848 et
1191 1784 1267 1844 dua·

225 1887 288 1948 bus
310 1884 423 1948 inlulis
445 1886 559 1970 pouit,
586 1907 662 1949 cum
683 1884 742 1965 olii
765 1901 880 1952 contra
900 1885 959 1950 illo
976 1883 1114 1949 nomine
1131 1899 1201 1949 tres
1221 1880 1267 1947 iu·

226 1988 311 2048 lulas
329 1990 603 2070 complectantur,
623 1989 747 2073 dequo
764 1988 804 2051 ad
825 2003 857 2061 a,
876 2005 910 2063 ¹7,
926 2000 960 2067 5.
979 1985 1119 2057 dicetur.
1146 1984 1268 2049 Voffitu

229 2086 331 2150 Tauri
356 2087 625 2174 promontorium
648 2088 684 2152 iu
712 2088 920 2155 Chelidoniis
943 2090 1106 2174 quondam
1132 2085 1267 2150 llutuille

226 2200 339 2276 putat,
362 2190 453 2276 quod
471 2189 611 2253 ulterius
629 2190 705 2256 illae
722 2190 757 2279 in
779 2211 871 2254 mare
892 2189 1114 2275 promineant.
1166 2192 1212 2252 Et
1233 2191 1268 2251 fic

226 2292 361 2377 Dupper
379 2290 416 2354 in
436 2292 537 2356 deser.
565 2293 622 2356 dea
645 2292 722 2355 islea
743 2293 785 2355 de
806 2290 983 2377 l’tlrchipel
999 2314 1031 2378 p.
1053 2293 1133 2369 168·
1159 2288 1271 2374 Cheli·⁴

228 2391 346 2455 douias
361 2390 397 2455 iu
412 2390 501 2456 Mela'
516 2409 549 2456 et
564 2391 675 2458 Plinio
690 2394 732 2458 de
748 2391 852 2456 Tauri
872 2389 1102 2477 promontorio
1118 2391 1269 2477 explicat.

227 2496 270 2559 At
284 2492 412 2556 Plinius
428 2491 462 2554 in
479 2491 640 2578 superiori
655 2499 731 2559 loco
746 2493 986 2559 Chelidonium
1002 2492 1270 2578 promontorium

230 2610 343 2678 aperte
363 2596 419 2657 dat
438 2596 569 2667 Tauro,
601 2611 634 2658 et
655 2597 768 2659 Noster
787 2617 819 2669 e,
838 2613 873 2673 7,
892 2608 925 2674 5.
949 2594 1053 2657 Tauri
1079 2612 1271 2681 promonto-

229 2692 361 2759 riuma
391 2693 600 2758 Chelidoniis
624 2695 741 2761 insulis
772 2696 846 2760 latis
871 2699 1058 2760 luculenter
1083 2693 1271 2782 distinguit3

231 2817 333 2882 quare
349 2793 406 2858 illa
429 2797 506 2860 stare
523 2814 710 2882 nequeunt,
734 2798 841 2875 immo
858 2799 977 2879 Scylax
993 2820 1100 2861 uuum
1115 2796 1273 2884 idemque

230 2918 355 2963 nomen
375 2899 418 2963 de
444 2897 675 2982 promontorio
699 2916 733 2963 et
754 2901 796 2963 de
818 2897 934 2962 insulis
954 2898 1148 2973 coniunxit,
1182 2900 1275 2987 quod

233 3000 274 3062 ab
291 2997 341 3062 his
357 3001 398 3063 ad
421 2998 504 3062 illud
518 3020 835 3064 uomen'commune
854 2999 994 3079 transiit,
1046 2999 1121 3064 Alio
1135 2999 1274 3066 nomine

233 3098 304 3186 lepti
327 3095 414 3192 ἄκρα
439 3101 595 3186 producit
615 3105 732 3166 Strabo
757 3115 810 3184 ¹4·
834 3122 908 3188 pag.
926 3114 1014 3184 458.
1033 3101 1055 3166 l.
1072 3105 1157 3168 666.
1183 3103 1275 3166 unde

234 3203 367 3266 Taurus
388 3201 545 3288 incipiat,
575 3202 692 3292 illique
717 3203 933 3269 Chelidoniae
954 3201 1081 3268 adiicit.
1119 3204 1192 3268 Nec
1211 3203 1274 3267 dit·

152 3376 155 3381 ,
233 3321 346 3389 crepat
369 3308 435 3368 hoc
454 3307 513 3369 situ
532 3294 741 3369 Ptolemaeus
757 3320 791 3385 5,
811 3322 843 3384 3.
889 3303 1000 3369 Hodie
1020 3320 1160 3369 vocatur
1184 3307 1276 3389 Capu

234 3408 312 3473 delle
330 3405 505 3473 credonio.
531 3410 717 3487 (Sahnefius
733 3409 776 3473 ad
789 3405 895 3473 Soliu.
915 3430 948 3493 p.
964 3429 1009 3471 m.
1025 3404 1125 3488 551.»
1140 3410 1276 3495 Dapper

232 3531 267 3598 p.
290 3510 369 3586 167.
392 3530 420 3574 c.
439 3510 476 3588 l.)

401 3713 431 3796 ll.
461 3731 493 3776 r.
543 3713 670 3797 Eois)
719 3715 768 3785 Ita
798 3728 832 3777 et
862 3709 992 3778 Plinius
1014 3708 1051 3776 in
1077 3714 1153 3777 loco
1181 3727 1278 3779 antea

238 3831 515 3890 commemorat03
549 3835 676 3900 proque
699 3836 739 3878 eo
761 3818 874 3901 paullo
901 3814 972 3902 post
998 3813 1052 3878 odi
1077 3818 1214 3895 primum
1236 3812 1278 3877 ab

234 3917 353 3981 Indico
370 3919 452 3979 mari
468 3908 625 4009 exsurgit,
652 3917 740 4001 quod
757 3915 905 3981 reddidit
919 3915 1053 3982 Solinua
1067 3937 1096 3980 c.
1112 3928 1173 3996 [μ.
1186 3917 1206 3978 l.
1219 3926 1276 3994 38.

236 4018 365 4081 Eodem
383 4038 461 4081 vero
477 4015 577 4080 etiam
592 4015 691 4080 initio
707 4017 918 4104 partiumque
939 4016 1069 4090 ordine,
1092 4037 1160 4103 quo
1176 4020 1275 4091 Mela,

239 4140 317 4189 tum
338 4117 494 4186 describit
513 4120 694 4186 lcruaudee
710 4121 753 4186 do
771 4122 840 4185 reb.
856 4124 930 4186 Get.
947 4141 1018 4207 cap.
1035 4136 1068 4196 7.
1095 4140 1174 4185 curn
1190 4121 1275 4185 Mar·
