2634 4716
124 374 185 426 no
283 377 287 385 ¹
345 334 552 461 'noran
593 364 897 432 axaonrrcan
1006 328 1016 343 ”

126 539 283 605 Strabone
306 551 362 612 17.
377 558 410 624 p.
429 549 513 616 570.
532 537 554 606 s.
569 552 655 620 329.
680 537 950 619 Massaesyiiorum
967 553 1023 597 rex
1045 528 1177 600 dicitur,

129 661 267 724 quorum
283 633 450 724 regionem
468 643 640 706 finitimam
657 638 731 703 sarit
745 640 962 702 Mauretaniae
976 657 993 698 a
1009 633 1180 698 Moioebat

130 741 168 807 sl.
192 745 230 806 ad
253 743 512 826 promontorium
529 747 669 814 Tritum,
698 741 719 805 s.
742 743 891 811 Tretum,
917 729 1047 826 Τρητὸν
1069 735 1180 798 Ptoio-

87 906 90 911 .
130 846 227 909 maro
242 859 277 923 q,
301 858 334 924 3.
363 845 418 928 qui
432 845 527 927 ponit
540 846 608 930 post
624 841 814 928 Ampsagani
830 841 865 906 u.
889 846 923 904 in
941 844 1003 905 fine
1021 838 1183 901 Maureta·

132 948 206 1013 uiae
229 944 350 1010 Caesar.
376 942 432 1005 ubi
455 946 558 1010 noster
578 947 744 1010 exorditur
761 942 897 1008 Africam
923 942 1095 1026 propriam.
1123 942 1183 1018 (a,

101 1050 105 1057 '
136 1060 171 1127 5.
189 1049 254 1126 in.)
299 1047 341 1109 dt
364 1049 505 1110 eundem
527 1048 745 1112 Mauretaniae
762 1057 876 1133 regem
898 1044 973 1107 iacit
993 1044 1130 1122 Fsor.4‚
1151 1058 1184 1113 a,

135 1150 198 1227 65.
218 1163 260 1209 ut
280 1149 456 1233 Eutropiou
472 1151 506 1221 6,
525 1165 583 1231 23.
604 1151 627 1220 s.
655 1161 709 1230 ιθ.
736 1149 794 1211 ubi
813 1148 854 1214 ci.
877 1160 1006 1219 notum
1037 1143 1186 1207 eundem

136 1250 358 1315 Numidarum
378 1270 489 1336 regem
515 1255 581 1316 Dio
600 1263 660 1334 41,
682 1260 744 1334 [μ.
775 1251 864 1334 quod
887 1262 920 1313 et
943 1248 1052 1311 innuit
1069 1240 1186 1309 Caesar

132 1353 180 1416 de
204 1351 333 1441 mciv.
360 1368 393 1423 a.
421 1365 479 1431 25.
532 1355 721 1416 Maurorum
742 1352 957 1415 Numitianrr'n
981 1349 1117 1432 Appian.
1140 1345 1184 1408 de

136 1453 179 1520 B.
197 1455 271 1518 civ.
287 1469 320 1524 a,
335 1463 395 1536 44.
413 1455 459 1516 in.
486 1456 579 1519 Idem
594 1459 662 1519 eiua
674 1469 797 1539 patrem
811 1451 1029 1536 Hiempsalem
1049 1470 1078 1521 ι,
1091 1442 1188 1536 (isus.

138 1552 358 1620 Numidarum
373 1575 482 1641 regem
502 1558 590 1621 dicit.
640 1559 728 1619 Tum
749 1556 847 1619 lubae
868 1557 952 1640 regia
969 1554 1057 1618 Cirta
1079 1551 1189 1615 nomi·

138 1670 253 1727 natur,
287 1676 383 1740 quam
405 1659 439 1718 in
464 1657 618 1722 Numidia
641 1660 734 1742 ponit
756 1659 971 1742 Pomponius.
1021 1653 1082 1716 lllo
1108 1668 1191 1715 vero

139 1769 289 1841 tempore
310 1757 461 1842 bogudea
482 1773 516 1821 et
534 1759 683 1823 Bocchus
701 1760 916 1823 Mauretaniae
931 1775 1021 1843 reges
1037 1752 1131 1816 fuisse
1149 1771 1195 1816 ex

137 1878 296 1922 eonnexu
310 1861 531 1923 narrationum
545 1860 674 1923 discitur
687 1861 771 1946 apud
782 1861 973 1924 Strabonem
989 1873 1044 1936 17.
1059 1877 1091 1940 p.
1103 1867 1191 1936 570.

144 1954 170 2023 s.
188 1958 282 2041 828.
308 1962 408 2024 Dion.
425 1972 486 2042 41,
508 1972 568 2045 42.
602 1963 737 2047 Appiau.
761 1963 802 2026 do
823 1963 861 2026 Β.
882 1961 956 2025 civ.
977 1978 1008 2031 a,
1025 1958 1086 2038 96.
1139 1958 1193 2020 De

143 2059 245 2127 Plinii
258 2063 342 2132 loco,
368 2064 424 2144 qui
437 2063 542 2128 turbae
557 2064 658 2137 dedit,
681 2062 773 2128 insta.
807 2064 859 2128 Sic
871 2064 959 2124 Livii
976 2062 1196 2144 epitomem.

143 2160 299 2229 Hiarbam
309 2162 484 2233 Numidiae
498 2185 609 2251 regem
622 2166 710 2238 dicit,
724 2165 837 2248 illique
845 2163 1033 2227 Numidiam
1047 2148 1196 2244 ereptam

143 2251 345 2348 Pompeium
372 2267 535 2330 restituisse
556 2281 660 2330 narrat
685 2269 796 2331 Aurel.
819 2268 930 2329 Victor
950 2265 991 2328 de
1011 2266 1051 2327 V.
1070 2265 1098 2326 1.
1121 2280 1196 2345 cap.

148 2380 210 2444 77.
226 2368 272 2431 iu.
295 2381 328 2429 at
343 2368 502 2453 Eutropio
514 2363 554 2446 5,
571 2388 605 2450 9.
619 2369 641 2433 s.
652 2369 686 2435 6.
704 2367 748 2445 est
761 2389 817 2433 rex
829 2367 1057 2429 Mauretaniae.
1092 2352 1201 2427 Masa-

143 2467 223 2532 niffa
240 2468 414 2533 Numidiae
429 2489 484 2532 rex
504 2471 600 2532 Livio
615 2473 650 2532 in
672 2473 816 2553 epitome
835 2484 895 2548 5ο.
913 2483 946 2533 et
967 2469 1052 2539 aliia,
1082 2479 1116 2528 at
1132 2466 1199 2528 Lu·

146 2571 242 2631 ¹ciano
267 2570 309 2643 de
335 2569 508 2633 Macrobiis
534 2591 601 2653 cap.
628 2587 685 2647 17.
713 2570 912 2635 Maurorum.
962 2570 1026 2633 Sed
1047 2562 1197 2651 repreffie

147 2669 235 2738 aliia.
262 2672 388 2750 quaein
405 2670 530 2733 schedae
546 2673 688 2734 coniecta
705 2673 870 2744 tenebam,
896 2673 997 2754 aliqua
1013 2671 1053 2733 de
1069 2654 1198 2732 ambitu

26 2768 28 2773 ’
150 2783 185 2832 et
202 2769 320 2834 finibus
334 2771 449 2833 addere
465 2772 577 2855 piacet.
616 2773 701 2836 Cum
717 2773 830 2836 Strabo
849 2788 903 2849 17.
919 2794 952 2855 p.
969 2770 1199 2853 57o.s.fla9.

121 2953 124 2961 Ι
151 2886 300 2937 veterem
323 2871 554 2935 Mauretaniam
577 2874 616 2935 ad
636 2874 823 2939 Mulucham
847 2873 882 2938 si.
905 2875 1073 2961 extendat,
1106 2870 1197 2936 unde

151 2970 415 3066 Masaesylorum
435 2977 524 3060 regio
545 2989 623 3039 tunc
644 2976 781 3061 incepit,
814 2978 965 3058 idemque
987 2976 1022 3036 in
1039 2975 1198 3038 Maureta-

150 3075 208 3147 'nia
228 3073 321 3138 saciat
339 3072 456 3149 noster,
487 3077 616 3163 adparet
632 3079 719 3140 bunc
735 3080 867 3162 antiquo
886 3076 973 3143 sensu
994 3097 1066 3140 eam
1087 3076 1199 3141 descri-

150 3160 253 3261 psisse.
304 3178 512 3243 Ptolemaeue
534 3191 569 3261 4,
598 3200 628 3244 r.
656 3180 889 3245 Mauretaniam
918 3181 1129 3264 Tingitanum
1159 3178 1199 3240 ei

151 3268 320 3362 posteriori
340 3278 468 3344 Claudii
490 3282 647 3344 divisione
668 3281 824 3366 nequead
841 3280 986 3345 vicinum
1000 3278 1036 3344 sl.
1051 3279 1198 3343 Masuem

153 3381 290 3467 ulterius
308 3395 492 3464 promovet.
520 3382 605 3447 Cum
622 3383 707 3446 Mela
722 3383 882 3448 consentit
895 3383 1019 3446 Pliniua
1037 3392 1071 3460 5,
1090 3379 1200 3445 r.s.a.'

153 3479 190 3542 in
212 3499 275 3562 quo
292 3496 399 3545 tamen
415 3482 634 3549 difficultatem
649 3500 825 3549 moverunt
842 3485 940 3548 rerba
959 3485 1197 3568 praecedemus

155 3582 369 3646 Mauretania
382 3587 513 3656 Bocchi,
537 3609 618 3670 qraeae
639 3606 724 3649 nune
740 3577 974 3681 Caesarienst55
998 3606 1094 3669 quam
1108 3585 1197 3648 vario

156 3697 274 3745 'conatu
289 3686 400 3749 tollere
416 3687 604 3752 studuerunt
617 3689 679 3752 viri
693 3691 798 3763 docti,
831 3691 867 3750 in
888 3687 1004 3772 quibua
1021 3684 1149 3753 Voffiu·
1162 3682 1199 3750 td

156 3785 258 3849 finem
276 3788 396 3869 capitia,
413 3789 508 3853 Shaw
523 3810 663 3877 voyager
678 3791 718 3852 T.
733 3811 764 3856 a.
780 3812 813 3877 p.
831 3792 948 3868 18:26
962 3787 1024 3871 sqq.
1046 3802 1081 3851 et
1094 3809 1129 3872 p.
1140 3798 1198 3868 5⁰²

149 3884 273 3967 ¹Nolle}a
287 3889 322 3949 in
337 3889 407 3954 hisi.
425 3893 465 3954 de
480 3894 663 3956 l’academie
677 3893 733 3955 dea
746 3890 854 3958 inscrr.
877 3922 928 3938 -
950 3888 1071 3954 altana
1086 3892 1129 3954 T.
1143 3899 1198 3972 38.

157 4006 192 4069 p.
209 4002 257 4068 97
275 3988 317 4072 sq.
343 4007 464 4072 praeter
479 3991 651 4060 cellarium
666 3996 702 4055 in
719 3992 836 4080 Geogr.
853 4008 918 4057 ant.
935 4001 970 4076 lq,
989 4003 1022 4070 5,
1039 3994 1099 4058 61.
1137 3994 1200 4056 an

158 4088 271 4175 igitur,
293 4092 349 4177 qui
361 4095 550 4185 diligentius
567 4097 728 4183 explorare
745 4109 779 4161 et
794 4096 971 4164 diiudicare
986 4093 1078 4169 uelit,
1092 4094 1200 4160 adeat.
