2656 4702
273 420 627 515 intonarunt.
670 434 757 498 nr.
800 437 1029 514 amca.
1079 419 1112 440 “
1167 476 1187 509 ..

152 623 246 674 notet
266 612 410 678 Eustath.
431 615 471 676 ad
492 613 625 695 Dionys.
644 636 675 678 v.
692 632 752 695 92.
776 615 862 679 Mela
881 602 938 678 iric
960 631 992 679 et
1008 617 1083 680 alibi
1098 618 1202 704 fingu-

152 712 244 776 latim
267 735 302 778 ea
323 714 520 799 persequitur
544 730 576 778 et
599 717 773 802 distinguit.
828 720 1200 801 Utriusque'diecrimcu

151 814 278 880 Plinius
294 832 327 898 3,
348 818 404 887 16.
420 817 443 884 i.
464 839 519 885 tt.
543 821 636 902 ponit
651 821 690 881 ad
712 821 937 900 Hydruntum.

318 1025 348 1102 §.
377 1031 414 1102 4.
467 1023 659 1086 Gentium
669 1022 687 1105 )
727 1024 837 1088 Utitur
852 1023 911 1084 hac
925 1042 1017 1096 vnce,
1039 1040 1081 1087 ut·
1097 1021 1199 1088 soient

148 1123 314 1209 eleganter
332 1126 437 1187 Latini
452 1145 510 1207 pru
526 1127 723 1212 regionibus.
763 1125 893 1204 Scythia
908 1128 1046 1207 enimet
1062 1128 1198 1189 Thracia

149 1245 220 1289 nun
241 1224 313 1288 [unt
335 1229 491 1291 vocabula
514 1231 679 1313 gentium,
714 1226 766 1287 sed
787 1229 972 1311 regionum.
1013 1247 1036 1292 r.
1059 1246 1198 1291 artono-

150 1329 329 1391 vrvaMS.
358 1351 387 1393 1.
448 1329 635 1392 siciturus
658 1349 688 1399 a,
712 1332 810 1404 7.in.
847 1329 964 1391 Gentes
988 1330 1197 1402 Macedonia,
1270 1357 1273 1365 ·

148 1430 262 1512 Syria,
291 1431 435 1493 Graecia.
488 1429 598 1515 Nepos
620 1433 653 1492 in
669 1434 803 1492 Datame
818 1449 887 1513 cap.
904 1440 939 1510 4,
963 1451 992 1494 ι.
1023 1432 1196 1502 Cataonia,

146 1552 231 1615 qztnc
250 1553 329 1614 gens
347 1536 433 1594 iacet
447 1523 555 1623 supra
577 1534 742 1602 Ciliciam,
769 1532 826 1592 ubt
847 1534 914 1593 vid.
939 1535 1093 1615 Kappiua.
1143 1534 1197 1596 sie

148 1631 282 1697 Orosius
297 1636 330 1705 6,
350 1649 383 1710 7.
409 1634 583 1715 Belgarum
596 1657 682 1716 gens,
709 1655 790 1719 qrtae
805 1636 902 1695 tertia
921 1655 996 1715 pars
1016 1628 1197 1696 Gailt'urum

147 1733 211 1807 est,
240 1738 289 1797 uti
315 1738 427 1797 Livius
444 1748 477 1814 5,
501 1747 561 1820 34.
575 1740 620 1801 in.
643 1739 682 1798 de
699 1737 810 1799 Celtis.
863 1732 916 1798 Cf.
939 1737 984 1797 ad.
1001 1737 1136 1818 Eutrop.
1159 1720 1196 1815 4.

151 1848 209 1914 14.
226 1833 248 1900 s.
267 1839 300 1902 6.
333 1853 365 1901 et
387 1858 466 1919 quae
491 1842 618 1902 notavit
633 1839 810 1901 Burmann.
826 1839 864 1899 ad
889 1837 988 1900 ovid.
1006 1838 1141 1898 Metam.
1160 1847 1199 1919 4,

148 1940 235 2018 669.
264 1940 386 2003 Contra
401 1941 525 2003 Plinius
540 1950 575 2020 4.
596 1939 682 2014 18.s.
700 1958 754 2004 ιι.
775 1940 925 2009 Thracia,
949 1941 1030 2000 inter
1044 1933 1197 2029 daltdiffi·

146 2060 218 2101 ntas
232 2040 382 2116 Europae
401 2051 519 2119 gentes.
538 2112 545 2122 ·
572 2039 700 2121 Vulgari
717 2035 818 2099 forma
836 2037 923 2097 idem
937 2039 1041 2099 noster
1061 2057 1092 2109 a.
1115 2059 1145 2109 t,
1162 2057 1194 2106 a.

146 2140 190 2202 fic
210 2140 350 2202 reddidit
374 2140 550 2201 Hominum
573 2141 669 2217 primi
686 2129 770 2229 funt
794 2137 941 2218 Scythae.
984 2137 1036 2201 cf.
1060 2160 1089 2210 t,
1112 2157 1141 2211 a,
1160 2154 1194 2220 3.

148 2241 308 2303 Genitivo
325 2240 436 2308 utitur.
457 2253 495 2302 ut
510 2240 605 2310 aiibi,
631 2239 688 2299 ubi
703 2235 869 2299 recensum
891 2239 956 2322 agit
971 2231 1116 2303 locurum
1138 2262 1197 2325 per
1221 2300 1224 2307 ,

146 2341 252 2404 claues
273 2342 505 2406 distinctorum.
559 2339 610 2404 ef.
632 2343 667 2400 iu
689 2340 805 2421 primia
813 2351 852 2447 e3,
872 2354 910 2418 gc
923 2353 957 2418 3.

223 2545 313 2605 alia
344 2563 460 2627 quum
492 2540 613 2604 dicta
638 2540 715 2635 cst)
766 2541 861 2605 Dicta
884 2542 972 2603 enim
997 2539 1041 2604 est
1062 2541 1196 2623 ‘Scyriae

145 2641 308 2737 Afiatica.
360 2645 402 2707 m
420 2644 497 2705 haec
515 2646 559 2706 cst
574 2643 756 2725 Europaea,
783 2663 863 2726 quae
881 2656 1034 2726 perpetua
1050 2644 1093 2705 est
1109 2647 1196 2727 apud

147 2748 357 2835 Geographoe
373 2746 522 2828 Scythiae
537 2746 709 2809 distinctio.
735 2766 759 2810 1.
778 2764 975 2808 cauuovrre
990 2745 1139 2817 Mun„
1186 2740 1191 2747 “

219 2948 458 3032 pertinens)
508 2947 702 3011 Notandum
729 2947 792 3010 hoc
822 2945 973 3016 verbnm,
1005 2949 1192 3028 quodvere
1232 2958 1244 2968 ''

146 3053 300 3115 Latinum
321 3066 356 3115 et
381 3051 658 3135 Geographicum,
692 3049 749 3110 ubi
778 3049 876 3134 vulgo
902 3046 1015 3109 vitiose
1038 3047 1192 3141 usurpant

144 3153 282 3217 uerbum
301 3154 492 3234 pertingere,
517 3152 605 3234 quod
622 3152 763 3212 Romani
778 3150 853 3210 hinc
869 3149 1012 3234 abigunt.
1054 3151 1106 3210 Sic
1121 3144 1193 3212 rurss

145 3253 197 3318 ine
220 3275 289 3337 cap.
314 3271 348 3330 7,
366 3266 403 3331 ’5.
444 3256 512 3314 eius
540 3273 601 3325 ,ora
634 3273 731 3333 nsque
761 3250 806 3312 nd
836 3235 1010 3333 Phycunta
1032 3254 1188 3334 pertinet.

145 3377 171 3423 1.
195 3375 393 3419 uaouovrve
409 3356 486 3419 MS.
541 3354 614 3418 vid.
631 3352 711 3415 inim
729 3353 769 3414 ad
791 3375 820 3425 ι,
839 3371 872 3434 7,
891 3367 926 3433 5.

224 3557 431 3640 Thracia)
481 3557 597 3621 Omisit
618 3556 766 3640 regiouce
793 3557 912 3638 amplae
935 3557 975 3617 ad
999 3555 1190 3622 Danubium

143 3660 232 3733 tine.
269 3664 399 3722 Daciam
431 3674 597 3740 utramque
629 3672 660 3719 et
692 3657 857 3730 Moesiam.
909 3676 1079 3721 curamve
1108 3660 1187 3726 MS.

144 3762 232 3826 Mela
254 3750 372 3825 nctcri'e
387 3762 617 3846 'Geographiae
640 3763 797 3822 rationem
822 3757 944 3823 secutur
966 3778 1017 3821 eae
1034 3761 1188 3851 regione·

145 3865 275 3946 Scythia
298 3878 331 3926 et
350 3865 483 3926 Thracia
511 3863 772 3945 comprehendit.
800 3864 849 3921 uti
868 3864 996 3942 adparet
1016 3881 1055 3924 ex
1073 3864 1129 3924 lib.
1150 3878 1184 3926 a.

143 3986 213 4050 cap.
234 3988 263 4036 t,
280 3976 314 4044 8.
341 3982 375 4029 et
392 3967 559 4029 Herctloto
577 3977 610 4046 4.
629 3983 689 4046 99.
727 3965 771 4025 Et
787 3964 824 4024 fic
840 3962 953 4025 diserte
972 3964 1034 4024 [iio
1050 3973 1107 4042 5.,
1125 3976 1184 4039 27.

104 4141 117 4159 .
141 4069 305 4138 adsumet.
335 4066 460 4149 Mysos,
492 4070 543 4128 uti
573 4064 700 4130 Graecis
734 4067 901 4137 dicuntur,
938 4078 1073 4127 tractum
1100 4066 1185 4130 inter

141 4160 305 4239 numm
321 4182 356 4235 et
369 4169 483 4235 istrum
496 4169 675 4261 antiquitue
692 4166 836 4239 renuide,
861 4181 895 4232 et
912 4165 1017 4233 notter
1037 4183 1069 4243 a,
1088 4183 1120 4233 a.
1134 4167 1200 4234 ta.
1240 4200 1245 4213 ,

767 4269 846 4336 Ga
960 4295 992 4307 ··
1019 4328 1023 4337 ,
1118 4294 1120 4299 ’
