2634 4716
108 428 113 435 '
164 450 217 512 nn
244 448 383 509 roua.
411 448 521 507 nat.
562 448 643 505 nt
687 446 850 509 oxom-
889 449 983 521 on
1033 458 1099 527 ao?

51 621 164 690 crinea
180 614 221 685 in
235 619 295 685 illa
316 620 376 684 lite
392 619 539 686 tinxerit.
592 622 644 682 De
658 617 731 684 eiua
747 608 896 686 fontibus
911 618 1101 690 luculenter

53 724 207 811 exposuit
239 722 430 788 Demetrius
461 726 609 810 Scepsim
642 723 731 807 apud
758 724 954 789 Strabonem
978 743 1012 802 et
1031 724 1103 812 ipso

49 830 174 892 Strabo
196 843 252 904 13.
267 849 300 911 p.
316 837 403 906 414.
422 825 442 887 l.
460 829 545 890 θον.
597 826 682 887 Sunt
705 840 816 888 autem
836 824 871 889 in
888 828 965 902 Ida,
991 829 1050 894 ubi
1066 847 1104 897 et

53 930 163 994 noster
186 929 342 1012 designat.
393 930 488 991 Duos
509 944 619 991 tamen
641 921 770 990 indicit
793 929 958 992 Homerus
981 934 1018 996 ll.
1039 954 1099 1011 aa,
1162 973 1167 981 ·

59 1043 142 1111 147.
168 1030 314 1093 calidum
331 1050 455 1102 unum,
484 1032 627 1093 alterum
640 1026 810 1113 frigidum.
849 1033 948 1095 Illum
962 1032 1102 1120 quidem

54 1133 112 1196 [ua
129 1148 235 1195 aetate
249 1128 421 1205 exaruille,¹
434 1149 467 1194 et
481 1153 588 1195 uuum
604 1146 745 1203 tantum,
763 1130 939 1216 frigidum,¹
952 1134 1113 1209 inveniri,

56 1234 210 1305 adfirmat
229 1236 357 1297 Strabo.
411 1236 522 1297 Unum
545 1231 647 1295 etiam
674 1229 712 1295 in
732 1234 869 1314 Cotylo,
901 1236 979 1301 ldae
1004 1242 1102 1316 colle,

55 1333 206 1422 agnoscit
238 1333 652 1420 Demetriuecaularnque
676 1335 900 1399 conversionis
923 1336 960 1402 in
995 1358 1103 1407 terrae

54 1436 205 1505 motibus
226 1434 368 1522 quaerit,
403 1439 517 1524 quales
542 1422 589 1499 in
605 1432 734 1522 primis,
769 1438 931 1513 Democle
954 1460 1102 1520 auctore,

55 1536 94 1602 in
115 1537 328 1625 illaregiune
346 1556 507 1623 regnante
523 1540 666 1603 Tantalo
688 1536 793 1601 factor
813 1539 916 1603 refert
933 1544 1050 1607 Strabo
1073 1571 1103 1609 r.

54 1660 89 1728 p.
106 1653 166 1722 4ο.
182 1641 204 1704 l.
221 1652 279 1719 58.
307 1644 362 1703 etsi
387 1639 423 1703 in
442 1642 508 1704 hoc
527 1638 665 1728 quidem
688 1638 926 1726 chronologica
949 1643 1034 1709 ratio
1053 1666 1113 1724 res
1165 1674 1168 1679 ²

54 1759 198 1829 pugnat..
230 1745 295 1805 .De
320 1745 432 1806 calore
452 1764 533 1809 xero
556 1739 643 1807 nihil
674 1756 709 1805 et
732 1739 935 1807 recentiores
956 1752 1104 1815 narranti

54 1846 168 1928 lplum
190 1846 319 1917 locum,
347 1846 438 1907 unde
457 1843 581 1917 oritur,
607 1844 762 1907 Pococke
785 1847 825 1905 Τ.
844 1859 876 1921 5.
899 1868 933 1929 p.
955 1869 1001 1910 m.
1022 1852 1104 1927 156.

58 1967 99 2008 ex
116 1943 260 2007 aliorum
276 1942 470 2008 testimoniis
488 1958 587 2007 vocat
601 1946 778 2017 Biromitlt.
813 1946 852 2006 Iu
868 1947 966 2009 cursu
980 1947 1106 2036 excipit

58 2042 224 2114 Andrium
247 2047 380 2122 (Strabo
394 2069 406 2106 r
416 2060 449 2122 3.
464 2066 493 2108 c.
510 2048 546 2121 l.)
568 2046 601 2105 h.
618 2041 812 2117 Enaiehaie,
836 2047 1003 2122 (Pococlte
1017 2052 1058 2114 T.
1069 2050 1104 2130 3'.

57 2171 93 2235 p.
107 2168 151 2209 rn.
175 2152 271 2225 157.)
295 2144 465 2209 Simoenta
488 2148 639 2223 (Homer.
659 2147 696 2206 ll.
714 2156 748 2222 5,
766 2155 851 2223 774.
887 2145 974 2212 Pliu.
990 2163 1025 2230 5,
1044 2166 1118 2230 33.1

58 2250 82 2314 l.
100 2254 173 2329 30.)
196 2269 300 2333 prope
317 2246 417 2311 Ilium
431 2267 569 2318 novum,
594 2247 726 2324 (Strabo
745 2261 800 2323 13.
818 2267 851 2330 p.
866 2258 910 2328 4¹
924 2272 952 2310 1.
969 2249 991 2313 s.
1004 2255 1107 2335 597.)

59 2368 94 2415 et
114 2353 155 2414 fic
169 2370 274 2435 prope
290 2346 477 2434 Sigeunrin
492 2369 583 2410 mare
598 2344 763 2419 excurrit,
791 2362 869 2415 cum
884 2365 980 2414 antea
994 2354 1107 2418 laeum

10 2511 23 2517 ,.
56 2450 150 2523 iecit,
172 2454 305 2531 (Strabo
317 2473 347 2517 c.
365 2454 407 2530 l.)
428 2436 527 2537 quem
543 2442 710 2513 Homerus
731 2451 769 2511 Il.
788 2470 845 2524 or,
867 2462 947 2530 ¹25·
972 2450 1108 2519 videtur

60 2555 229 2638 adpellare
252 2550 332 2631 ἁλὸς
351 2544 446 2640 εὐρέα
467 2547 607 2625 πόντον,
632 2552 750 2614 Strabo
763 2567 817 2631 13.
834 2573 863 2616 c.
877 2554 899 2615 1.
924 2569 958 2616 et
975 2558 1107 2638 mlo*-
1149 2618 1160 2629 ,

32 2728 36 2737 .
59 2657 182 2734 [565.
199 2650 444 2746 oropoilipvtjvt
471 2651 601 2717 Plinius
617 2673 646 2716 o.
663 2654 685 2715 1.
700 2650 858 2743 stagnum
872 2648 1108 2748 priussooiem
1206 2656 1208 2660 ’

23 2816 27 2825 ,
61 2744 378 2849 Palaescamander,
395 2757 451 2818 etii
468 2753 623 2839 ambigue
638 2751 676 2816 in
696 2751 750 2817 hie
775 2752 852 2838 agit.
890 2756 960 2840 lpse
981 2756 1107 2822 fluvia·
1208 2828 1212 2835 ,

15 2928 18 2932 ,
60 2875 200 2925 vocatur
217 2855 338 2944 δινήεις,
360 2861 411 2937 (ll.
430 2874 490 2951 21,
511 2876 543 2919 o.
572 2874 630 2929 aa,
653 2860 748 2936 148.)
776 2852 966 2942 βαθυδίνης,
983 2862 1034 2938 (ll.
1048 2879 1107 2937 ao,

61 2966 145 3054 73.)
157 2956 387 3048 βαθυδινὴεις,
412 2961 463 3038 (ΙΙ.
482 2976 539 3030 or,
564 2962 634 3038 15.)
656 2956 860 3040 navigabilis.
893 2955 999 3037 (Plin.
1017 2981 1045 3024 c.
1063 2962 1107 3041 1.)

62 3059 307 3150 Quod.Vibiua
333 3083 361 3127 c.
394 3064 416 3124 l.
454 3057 492 3122 in
522 3057 763 3142 Propontidem
795 3078 856 3143 pro
894 3061 1108 3145 Hellesponto

63 3161 205 3236 emittit,
233 3142 368 3227 iallitur.
420 3164 631 3226 Ptolemaeus
653 3158 754 3222 etiarn
778 3173 811 3238 5,
838 3178 869 3222 a.
896 3158 933 3224 in
957 3181 997 3224 eo
1019 3183 1109 3226 rece·

63 3268 144 3330 dere
164 3263 310 3337 ridetur,
336 3264 428 3350 quod
447 3261 575 3326 diversa
592 3259 683 3334 facit,
707 3259 765 3324 etli
783 3258 907 3335 vicina,
934 3260 1111 3349 utriusque

64 3367 164 3451 ostia,
206 3366 297 3453 quod
329 3365 415 3429 facta
452 3362 538 3428 alvei
567 3360 706 3449 ¹solique
738 3359 925 3445 mutatione
959 3363 1110 3429 accidere

64 3467 192 3558 potuit.
219 3484 308 3531 certe
322 3467 402 3558 poli
421 3464 556 3530 accidit.
600 3465 653 3530 Cf.
677 3467 767 3527 Lenz
781 3465 895 3528 Ebene
916 3470 984 3529 'von
1006 3463 1110 3531 Troia

64 3595 99 3659 p.
121 3582 201 3650 158.
237 3572 286 3630 Ex
301 3565 440 3631 Homeri
459 3564 559 3630 certis
575 3562 714 3641 indiciis
730 3569 766 3630 11.
781 3579 816 3645 5,
833 3578 917 3647 774.
940 3565 1112 3632 Simoenta

63 3670 208 3757 excipit,
235 3686 269 3733 et
282 3668 319 3731 in
332 3690 424 3733 mare
443 3666 619 3733 evolvitur.
633 3669 706 3748 (11.
726 3687 784 3749 or,
806 3672 907 3748 νῦν.)
957 3670 1024 3732 Etsi
1046 3666 1112 3732 Pli-

64 3774 145 3839 nius
160 3768 383 3856 navigabilem
400 3769 496 3843 dicit,
518 3790 587 3833 non
605 3786 716 3833 tamen
735 3770 812 3832 eum
828 3768 986 3833 suffecille
1002 3769 1114 3835 narrat

63 3876 258 3940 Herodotus
279 3885 401 3953 7,.49.
437 3870 553 3934 Xerxis
586 3869 747 3935 exercitui
787 3872 947 3957 potando.
998 3871 1113 3936 Nostra

65 3977 207 4067 quidem
221 3989 328 4038 aetate
346 3991 483 4038 tenuem
505 3974 567 4036 ell'e
582 3970 734 4036 adfirmat
749 3974 872 4051 Savary
887 3972 940 4036 sur
960 3975 992 4036 la
1008 3971 1115 4038 Grece

69 4104 124 4166 ep.
145 4089 201 4158 24.
229 4073 311 4161 quia
330 4080 426 4140 silvae
446 4073 573 4140 excisae
589 4078 649 4138 lint
669 4075 844 4161 fonterque
867 4073 1025 4149 aruerint,
1051 4096 1116 4140 nec

67 4177 272 4250 dissentiunt
293 4178 450 4252 Pecocke
474 4178 516 4246 T.
532 4192 567 4262 3.
591 4200 625 4267 p.
641 4198 687 4247 m.
711 4187 791 4264 156,
819 4197 879 4269 per
903 4177 1056 4249 aestatem
1078 4175 1117 4242 in
