2634 4716
300 417 352 476 IN
380 406 517 477 notit.
549 416 656 477 MEL.
697 418 733 477 L.
757 420 781 476 1.
823 417 901 476 ct.
926 419 1022 505 μ.
1137 428 1185 498 pp

131 602 332 674 terramque,
363 599 445 674 qtiltc
468 593 515 653 illi
541 591 685 654 substrata
704 592 766 663 eti,
800 593 1023 672 aequinoctiali
1049 592 1126 659 orbe
1150 594 1185 656 iu

133 694 203 757 duo
222 693 451 778 hemisphaeria
476 694 596 764 dividi,
623 696 820 776 alterumque
835 695 874 754 ab
893 695 954 754 illia
970 696 1184 776 Aqrtilout'um,

133 795 283 888 australe
297 797 432 858 alterum
452 797 612 879 appellari.
661 797 862 878 Pomponius
878 815 968 865 vero,
990 799 1100 878 quiex
1116 798 1183 879 opi·

131 900 234 960 niune
250 895 446 979 Philosophi,
475 895 577 960 forsan
600 899 765 979 Leucippi,
788 894 850 983 [cs.
870 899 1008 981 Diogen.
1027 900 1131 960 Laert.
1148 917 1184 978 9.

129 1016 201 1080 cap.
222 997 254 1063 6.
272 997 292 1061 s.
313 1013 372 1078 30.
400 1000 561 1064 Plutarch.
577 1000 617 1060 de
640 1002 745 1082 placit.
766 995 879 1080 philos.
897 1013 929 1077 3,
960 996 1037 1088 ιο.]
1065 1014 1183 1062 terram

130 1120 203 1163 non
228 1082 409 1186 gloliosam‚
442 1099 493 1163 sed
521 1101 734 1184 planam'ella
766 1100 924 1162 credebat.
966 1119 1182 1166 cttccontvt.

132 1203 301 1285 Leucippo
324 1203 397 1264 addi
418 1215 542 1285 potarat
561 1204 790 1274 Anaximenes,
821 1205 877 1283 qui
902 1201 1026 1264 mensae
1049 1204 1185 1287 figuram
1261 1264 1264 1270 ,

130 1317 237 1366 terrae
266 1304 373 1375 dedit,
406 1302 483 1367 telle
506 1305 679 1366 Plutarcho
701 1325 730 1391 c.
756 1305 777 1367 l.
830 1304 955 1388 Adtigit
981 1309 1078 1365 etiam
1102 1303 1212 1367 hanc‘

133 1407 355 1488 quaestionem
378 1400 561 1469 Aristotelea
581 1407 621 1468 de
644 1407 736 1468 coelo
759 1420 793 1476 u,
822 1413 876 1483 ¹4·
927 1405 1083 1467 Ceterum
1105 1407 1183 1469 haec

132 1509 233 1570 verba
254 1507 503 1590 explicationem
523 1509 637 1590 potina
659 1508 747 1569 vocis
764 1507 877 1576 latero,
904 1527 999 1586 quarn
1020 1509 1183 1569 divertite·

129 1622 202 1702 tem
225 1609 399 1682 atticiano
434 1623 506 1670 tum
521 1602 636 1670 *laturi
659 1606 749 1669 sensu
773 1609 877 1669 latiori
898 1606 1004 1689 poluit
1026 1609 1066 1670 de
1089 1610 1184 1692 parti·

133 1710 197 1772 tura
225 1689 343 1783 ienae,
377 1712 424 1770 uti
447 1726 479 1780 α,
501 1721 533 1787 5,
563 1731 593 1771 ι.
629 1722 801 1791 utrumque
827 1709 966 1770 verbum
993 1723 1182 1781 commutat.

132 1809 227 1878 Solet
249 1832 365 1905 nempe
389 1808 473 1874 Mela
495 1811 727 1894 adpellatiouet
749 1831 869 1881 rerum.
893 1811 1050 1880 locorum,
1077 1800 1196 1874 homiss

130 1934 214 1976 uum
233 1915 446 1995 explicatione
467 1915 616 1974 adiuncta
635 1914 800 1975 declarare.
837 1914 938 1975 Porro
958 1912 1100 1996 agnoscit
1121 1916 1183 1977 An·

130 2017 328 2085 tichthonas‚
355 2037 434 2097 quae
449 2017 620 2078 rotundam
639 2027 739 2075 terrae
757 2016 890 2099 figuram
912 2015 1052 2075 indicare
1070 2018 1183 2078 videu-

127 2129 200 2187 tur.
239 2119 388 2198 Denique
399 2136 449 2188 aa,
470 2136 549 2198 quaa
564 2116 604 2176 de
619 2115 719 2187 Casto,
737 2117 867 2178 Arabiae
881 2133 1004 2187 monte,
1029 2117 1127 2178 resert
1151 2139 1181 2190 1,
1232 2112 1235 2117 ’

137 2239 195 2281 to.
230 2220 321 2281 aliter
346 2221 401 2304 rsix
435 2218 575 2302 intelligi
608 2216 746 2298 possunt.
799 2218 1046 2279 Rotunditatem
1080 2234 1181 2282 terrae

132 2321 249 2382 multia
270 2320 488 2382 adstruxerunt
502 2317 684 2381 Aristotelea
705 2320 746 2380 de
765 2320 856 2381 coelo
873 2334 905 2388 Ω,
926 2336 981 2397 ιιι.
1005 2334 1037 2379 et
1052 2322 1181 2383 Plinius

135 2436 173 2492 u,
197 2422 255 2499 65.
280 2442 341 2483 uec
358 2423 455 2483 hodia
472 2441 542 2482 eant
558 2421 631 2501 quie
648 2422 682 2480 in
699 2416 837 2480 dubium
856 2434 960 2481 vocat.
1015 2421 1181 2494 Ceterum,

129 2543 216 2606 quae
238 2524 289 2585 hic
311 2522 383 2584 sunt
400 2521 645 2604 hemisphaeria,
676 2521 853 2582 Martianus
869 2522 997 2603 Capella
1019 2525 1051 2586 6.
1076 2544 1109 2606 p.
1132 2544 1179 2587 m.

138 2626 221 2705 196.
247 2625 555 2706 vocatxlremieyciim
577 2637 610 2685 et
625 2642 722 2684 unam
737 2635 837 2684 terrae
851 2624 984 2705 partem,
1007 2644 1102 2705 quatu
1119 2645 1180 2689 noa

126 2727 332 2794 habitamus.
358 2719 582 2816 supernatent,
610 2726 738 2786 alteram
762 2717 975 2814 infernmum
1009 2725 1181 2807 superioria

131 2831 215 2891 item
237 2831 369 2888 initium
394 2829 483 2888 ducit
503 2847 519 2888 a
543 2824 631 2886 lotari
656 2841 740 2888 ortu.
782 2828 833 2888 Sic
850 2826 1042 2889 Cleomedea
1059 2830 1100 2890 de
1121 2831 1180 2889 cir·
1199 2835 1201 2839 ’

128 2933 214 2992 autu
235 2931 292 2991 lib.
318 2948 355 2992 ι.·
376 2950 410 3012 p.
431 2943 491 3008 93.
522 2926 655 3014 (Brut.)
684 2921 725 2991 τὸ
757 2918 836 3015 ὑπὲρ
864 2927 923 3015 γῆς
947 2921 1001 2989 καὶ
1031 2919 1095 2993 ὑπὸ
1115 2931 1182 3017 ,γῆς

126 3027 252 3098 ’δοκοῦν
278 3025 500 3120 ἡμισφαίριον.

211 3233 261 3298 ab
292 3236 452 3298 oriente
458 3232 478 3316 )
529 3232 693 3316 Quouirtm
727 3228 963 3315 supponebatur
995 3232 1052 3294 lux
1077 3235 1181 3316 prima

125 3339 172 3403 ub
194 3342 319 3401 oriente
344 3338 430 3398 oriri.
470 3333 556 3396 Hinc
576 3337 674 3418 igitur
694 3335 791 3396 etiam
809 3333 1001 3394 divisionem
1022 3336 1181 3418 aliamque

126 3455 232 3503 terrae
249 3439 544 3507 considerationem,
569 3437 619 3497 uti
638 3455 707 3498 earn
724 3453 801 3497 mox
814 3454 941 3516 quoque
957 3436 1034 3497 dicit
1049 3436 1087 3498 ab
1105 3454 1180 3501 ortu

128 3556 311 3628 porrectam
327 3541 365 3600 ad
389 3539 543 3608 occasum,
568 3538 684 3600 eodem
700 3538 802 3599 modo
819 3537 971 3598 inchoant
992 3539 1030 3600 ab
1046 3529 1180 3614 oriente,
1228 3610 1233 3623 Ι

127 3639 398 3708 non-ahoccasu.
431 3663 456 3704 r.
480 3659 677 3701 onouovrva
693 3639 769 3700 MS.
822 3640 870 3700 Ab
892 3639 944 3718 illa
966 3640 1122 3703 divisione
1144 3645 1179 3705 in
1255 3704 1258 3709 ,

130 3748 211 3808 duat
234 3760 338 3828 partes
361 3740 471 3826 partim
493 3744 634 3823 geminus
655 3741 732 3802 coeli
752 3741 844 3812 axis,
877 3742 1020 3821 geminus
1042 3744 1180 3807 mundus
1267 3721 1270 3733 Ι

131 3849 268 3917 dicitur,
301 3847 421 3927 dequo
444 3841 485 3907 cs.
509 3849 626 3928 laeger.
650 3843 688 3903 ad
706 3843 885 3925 Corippttm
909 3865 938 3913 ι,
962 3851 1042 3907 tt't.
1083 3847 1191 3908 Unde.

130 3963 245 4027 mutue
266 3940 397 4009 initium
415 3946 608 4029 ponebatur,
633 3949 757 4006 dextrae
773 3946 888 4005 mundi
903 3958 1006 4027 purtee
1023 3945 1181 4009 faciehant

131 4051 348 4135 Pythagoraa,
376 4050 467 4120 Plato
491 4062 523 4108 et
547 4047 744 4117 Aristotelea.
772 4060 880 4108 contra
902 4048 1023 4117 laevas,
1055 4049 1176 4130 dequo

131 4151 172 4217 cs.
196 4152 387 4219 Plutarchus
409 4154 452 4231 da
469 4151 593 4234 ptrettia
613 4146 729 4236 philos.
753 4163 788 4224 ιι.
818 4167 874 4213 ιο.
902 4162 935 4210 et
954 4167 1035 4232 quae
1056 4150 1180 4216 disserit
