2634 4716
232 408 296 482 rra
501 396 1012 497 uoraaaxaaarrcaa

230 598 252 641 a
273 576 432 641 Mulucha
452 576 617 664 distinguit
634 577 771 641 Pliniut.
822 578 924 641 Tueri
944 577 1077 662 quidem
1091 574 1276 641 Ptolemaei

201 737 204 741 .
228 678 426 743 Molochath
440 683 573 762 antiquo
588 680 645 743 iilo
661 678 752 749 sensu
765 680 897 745 ridetur
910 680 1052 764 adpostta
1067 678 1146 742 urbe
1157 698 1276 767 eogno-

228 784 337 851 mitrir.
361 803 462 865 quam
479 795 514 846 et
528 797 763 846 commemorat
772 782 888 847 Florue
905 796 937 863 5.
959 803 989 853 ι.
1009 778 1160 866 aaroni.
1188 778 1276 865 quoti

228 904 308 947 eum
324 885 483 949 Frontino
500 898 533 962 3,
550 902 584 964 9,
603 899 637 961 3.
664 881 718 946 [ua
739 886 918 947 maximam
931 896 1056 969 partem
1067 900 1109 947 ex
1124 882 1274 948 Sailuhio

229 986 353 1058 hausu.
389 988 535 1049 hicnon
562 987 701 1071 longua
726 986 903 1059 Mulucha,
941 1004 1118 1073 regnorum
1150 983 1276 1049 Boethi

108 1070 138 1137 f
227 1088 471 1174 Iugurthaeque
497 1088 656 1158 termino,
690 1102 840 1151 montem
865 1108 942 1150 eum
966 1088 1125 1151 mediocri
1147 1084 1276 1151 castello

227 1203 476 1260 commemorat,
499 1192 587 1272 quod
605 1190 670 1251 huc
684 1187 847 1253 transferri
864 1185 970 1273 poffit.
1009 1191 1054 1253 At
1066 1189 1155 1272 prior
1169 1188 1276 1252 Ptole·

227 1293 317 1354 maei
336 1309 425 1355 error
447 1290 535 1353 huhc
558 1292 658 1352 etiam
680 1293 838 1364 adtraxit,
864 1305 959 1374 atque
975 1312 1016 1355 ex
1035 1276 1121 1355 ueau
1144 1303 1181 1353 et
1200 1289 1275 1353 serie

227 1411 336 1455 rerum
350 1392 508 1480 gestarum
523 1393 665 1475 adparet.
687 1394 864 1479 Iugurthae
881 1394 971 1455 illam
986 1393 1102 1457 urhem
1116 1389 1220 1464 frutra,
1242 1401 1276 1453 et

225 1492 307 1556 hine
327 1495 362 1555 in
380 1493 535 1556 Numidia
551 1494 660 1557 vetere
681 1494 789 1568 fitam,
815 1515 900 1578 quae
914 1508 1024 1559 tamen
1038 1494 1079 1558 e'x
1095 1491 1277 1557 Ptolemaei

224 1595 352 1657 indicio
378 1615 454 1659 cum
475 1598 551 1681 Siga
578 1593 642 1657 fuit
664 1595 888 1662 Mauretaniae
913 1600 1045 1662 veterio.
1094 1596 1131 1661 Si
1153 1596 1198 1659 de
1219 1595 1277 1659 ho·

223 1696 342 1760 diemo
369 1698 505 1760 nomine
530 1698 712 1779 quaeritur,
746 1693 920 1761 Mutetur·
945 1700 1025 1762 olim
1049 1696 1163 1761 Maiua
1185 1697 1275 1761 idem

225 1795 290 1861 offe
302 1816 371 1859 non
389 1796 507 1881 potest,
534 1800 589 1880 qui
605 1798 779 1872 Mulucha,
805 1801 853 1860 uti
869 1800 1027 1862 statuebat
1042 1798 1160 1870 Shaw‚
1186 1800 1276 1862 eninr

198 1900 201 1905 ’
224 1899 329 1963 'otiam
347 1900 441 1985 Siga,
469 1920 568 1982 quam
590 1898 812 1963 Tuci-emerui
834 1900 869 1964 h.
889 1901 950 1964 oiie
967 1913 1078 1984 putat,
1102 1898 1176 1983 post
1191 1898 1275 1963 Mul·

224 1999 329 2065 ioiiah
351 2001 507 2064 remotim
526 2003 610 2063 iacet
629 2021 733 2086 prope
752 1992 866 2092 Tafua
887 2003 1043 2075 fluvium,
1070 2001 1126 2084 qui
1142 2002 1274 2065 videtur

224 2100 288 2165 effe
307 2103 465 2164 Mulucha
487 2117 656 2174 veterum,
681 2104 736 2166 vel
759 2103 859 2166 etiam
881 2104 1011 2167 vicinus
1027 2104 1163 2175 fluviae,
1196 2122 1274 2187 quo·

207 2182 298 2266 'rum
312 2205 419 2287 platea
435 2205 468 2265 in
482 2205 593 2267 tabula
608 2205 769 2290 propoiita
784 2218 1019 2270 memorantur.
1046 2203 1150 2291 Quod
1165 2202 1273 2269 scribit

220 2303 367 2369 Chenier
398 2308 433 2367 in
461 2307 646 2369 rechercher
669 2332 720 2351 -
744 2305 796 2368 sur
818 2308 865 2369 lea
884 2306 1015 2370 Maure·
1037 2306 1080 2369 T.
1101 2324 1132 2370 ι.
1160 2328 1195 2389 p.
1213 2308 1271 2386 69.

138 2466 141 2471 .
223 2407 336 2470 Malua
359 2406 383 2472 1.
405 2408 577 2480 Malacha,
608 2428 687 2471 nam
715 2409 857 2471 eundem
890 2412 992 2471 etiam
1018 2405 1138 2481 habet,
1171 2407 1272 2473 hodia

222 2528 365 2596 regnum
380 2508 612 2574 Marorcanum
630 2523 664 2573 et
683 2510 894 2597 Algerianum
915 2509 1050 2592 separat.

242 2734 245 2741 ·
298 2710 456 2798 eaput)
486 2710 557 2796 lpse
570 2712 818 2795 explicationem
834 2711 969 2784 subiicit,
985 2714 1035 2775 uti
1047 2704 1165 2796 paffim
1179 2710 1270 2779 folet.

223 2809 278 2878 cf.
301 2826 370 2876 not.
391 2817 461 2876 crit.
485 2814 526 2875 ari
550 2831 582 2885 a,
607 2830 664 2886 aa.
690 2824 727 2893 4.
780 2815 890 2894 Caput
914 2829 1024 2878 autem
1047 2816 1089 2878 de
1108 2815 1271 2899 principio

222 2932 331 2979 rerum
346 2917 427 2995 poni
444 2909 643 2979 notiffimum
659 2917 719 2987 est,
745 2917 780 2977 in
794 2917 906 2999 primia
921 2919 961 2978 de
979 2917 1157 2981 fluviorum
1172 2914 1271 2981 fonti·

223 3013 296 3080 hur.
333 3017 378 3079 Ut
398 3015 471 3089 hic,
496 3016 538 3078 lio
556 3030 592 3089 Ω,
607 3018 641 3089 6,
660 3032 692 3098 5.
718 3018 759 3079 de
779 3032 923 3080 extrema
942 3032 1045 3080 terrae
1063 3032 1165 3100 parte.
1203 3018 1269 3085 Eo·

177 3186 182 3197 ,
223 3118 301 3182 dem
315 3117 417 3181 modo
432 3119 576 3180 Avienus
593 3119 628 3181 in
645 3119 765 3204 perieg.
781 3141 814 3184 v.
834 3129 916 3199 ¹⁰4·
940 3120 1040 3201 corma
1060 3132 1168 3181 autem
1180 3118 1270 3203 priar-

223 3220 402 3302 eipt'umqua
417 3218 614 3301 Europaa'et
627 3219 760 3306 Libyae.
813 3221 896 3306 Apte
913 3240 991 3286 vero
1012 3221 1116 3286 etiam
1130 3222 1175 3287 de
1195 3238 1271 3310 pto·

223 3322 408 3394 montorio,
434 3321 521 3406 quod
542 3320 651 3389 exstat.

299 3520 623 3614 ἂμπελουσὶαν)
672 3527 724 3592 Se.
751 3517 866 3616 inpar.
907 3527 1013 3600 Patet,
1039 3526 1127 3590 hane
1149 3544 1269 3593 νοω

223 3626 273 3690 ilii
289 3627 400 3688 datam
423 3640 554 3711 propter
571 3629 754 3692 ubertatem
773 3631 959 3701 vinearum,
991 3649 1072 3712 quaa
1092 3643 1179 3693 certe
1201 3630 1269 3699 lau·

223 3723 400 3792 datiffimaa
425 3730 491 3792 iilic
519 3727 608 3792 fuiffe
633 3733 752 3796 docent
782 3732 943 3815 hodieque
969 3733 1064 3793 numi
1089 3732 1266 3815 Tunetani.

222 3849 363 3913 quorum
394 3847 527 3894 moneta
569 3833 760 3916 plerumque
795 3832 839 3895 est
871 3851 1026 3896 racemus.
1080 3850 1105 3897 a.
1133 3852 1268 3899 oaoao·

222 3950 304 3995 vrve
321 3933 398 3996 MS.
451 3935 524 3996 Hoc
540 3936 639 3996 etiam
653 3931 788 4011 nomine
803 3931 889 3996 redit
907 3936 940 3996 in
959 3934 1064 3997 nostro
1080 3949 1114 4006 2.
1129 3934 1207 4005 6.,f.
1232 3948 1268 4001 at

226 4044 260 4111 3,
281 4053 335 4097 ιο.
346 4032 369 4097 f.
396 4047 430 4096 et
444 4050 716 4100 commemoratur
731 4057 750 4096 a
766 4035 872 4098 Plinio
888 4048 921 4113 5.
937 4036 983 4100 in.
1007 4048 1039 4098 et
1055 4036 1208 4100 Boecatio
1225 4037 1268 4102 de

220 4134 443 4205 montibaa'h.
464 4157 501 4204 a.
524 4137 583 4201 uhi
606 4150 715 4203 totum
735 4138 823 4201 huuc
843 4131 955 4203 locum
973 4139 1109 4206 mutatio
1131 4136 1270 4204 subinde
