2634 4716
175 370 177 375 ’
278 387 1004 465 rurour.rrar,1.t.c.1.c2.
1120 408 1191 471 53.

119 574 245 646 qmnto
265 565 369 649 magia
391 562 526 647 obposrti
547 564 682 645 pedibue
703 565 910 647 (antipodes)
930 566 969 628 ab
993 583 1162 649 aeqrratore

119 666 255 733 distant.
283 685 356 727 cum
379 664 434 727 iub
452 680 622 746 aequitare
643 654 830 730 uiuentibus
850 670 961 730 erdem
986 670 1047 731 smt
1071 671 1162 733 simul

119 781 157 830 et
179 770 297 848 pariter
318 766 392 828 anni
420 782 574 850 tempora.
626 768 754 829 Pariter
775 769 818 830 est
843 769 944 840 hrnul,
970 772 1105 837 Sueton.
1125 774 1161 834 in

119 868 233 934 Vitell.
250 890 277 932 c.
295 888 331 948 9.
359 869 457 933 Ovid.
474 869 590 932 Faiior.
613 889 641 941 r,
662 871 746 946 627.
781 871 865 935 Mela
881 884 913 950 5,
936 892 965 943 ι,
984 894 1013 936 ι.

199 1071 503 1135 Araticbtirones
511 1071 530 1155 )
563 1075 603 1135 In
622 1054 691 1138 Ms'.
716 1093 813 1157 quem
828 1093 888 1136 nos
903 1075 1050 1159 legimus,
1070 1077 1162 1139 Anti·

119 1170 223 1255 podes
243 1175 377 1235 omnino
399 1176 518 1266 legitur
538 1189 571 1241 et
589 1195 616 1237 c.
633 1194 666 1255 9.
691 1176 785 1238 huiua
808 1176 892 1239 libri.
937 1177 1005 1238 Nec
1029 1179 1160 1242 mirum.¹
1186 1220 1189 1231 ·

121 1273 210 1337 Nam
227 1287 260 1336 et
274 1277 404 1339 Servius
419 1276 454 1336 in
471 1277 593 1360 Virgilii
610 1277 726 1362 Georg.
748 1299 776 1346 ι,
792 1289 885 1354 Ι955.
916 1277 995 1341 Aen.
1015 1280 1048 1347 6.
1073 1292 1159 1358 552.
1214 1276 1218 1287 ’

119 1389 220 1457 atque
242 1388 274 1453 8,
300 1379 384 1450 671.
414 1378 544 1439 videtur
563 1380 737 1460 Autipoda'a
752 1380 907 1460 appellare
929 1379 1069 1442 eoadem.
1121 1382 1162 1442 ln

120 1475 304 1562 fragmento
322 1478 385 1540 five
398 1479 622 1551 Eratosthenis,
644 1479 707 1541 five
724 1479 908 1561 Hipparchi,
933 1481 1019 1562 quud
1036 1483 1163 1544 editum

120 1579 167 1643 est
189 1599 263 1640 cum
285 1582 523 1641 commentariis
544 1581 719 1663 Hipparchi
741 1582 775 1641 in
796 1584 926 1642 Aratum
950 1577 1003 1666 [p.
1021 1584 1104 1646 266.
1127 1585 1163 1644 in

122 1680 253 1744 Petavii
278 1675 493 1767 Uranologio]
528 1694 561 1743 et
592 1682 625 1741 in
651 1683 888 1766 prolegomenia
919 1684 1051 1745 Achillis
1076 1687 1165 1745 Tatii
1258 1688 1266 1709 '

124 1775 180 1867 [p.
204 1783 284 1857 156.
301 1801 328 1844 c.
346 1777 391 1866 l]
414 1782 592 1864 Arriipodes
609 1776 838 1855 nominantur,¹
851 1786 909 1866 qui
926 1784 1048 1847 diversa
1060 1770 1165 1846 ¹hemi·

123 1881 264 1966 [phaeria
291 1883 447 1946 incolunt.
500 1883 691 1948 Cleomedee
718 1876 795 1969 [lib.
824 1906 853 1948 ι.
880 1907 912 1967 p.
936 1879 1018 1971 94]
1054 1901 1164 1950 autem

126 1982 240 2055 docet,
273 1984 456 2067 Arreipodas
480 1985 608 2068 proprie
633 1987 791 2047 nominari
817 2006 889 2056 eoa,
922 1988 1036 2068 quiin
1062 1988 1163 2050 altero

126 2083 357 2166 hemisphaerio
394 2080 482 2150 κατὰ
520 2079 691 2173 διάμετρον
732 2088 871 2170 appoliti
910 2085 990 2151 lunt.
1056 2089 1163 2172 Quam

126 2184 391 2270 fignificationem
408 2190 535 2250 videtur
552 2186 636 2269 sequi
659 2187 706 2251 M.
725 2190 854 2250 Tulliua
872 2189 1021 2250 Academ.
1041 2200 1077 2267 4,
1103 2205 1162 2270 59.

127 2301 162 2350 et
176 2289 236 2351 hoe
250 2290 406 2370 appellare
422 2289 569 2370 obliquos
585 2291 619 2353 6.
637 2290 678 2351 de
691 2289 868 2369 republica,
895 2304 931 2348 ur
947 2292 1081 2370 exponit
1096 2292 1164 2355 Ma·
1181 2266 1184 2295 Ι
1277 2332 1282 2341 -

128 2389 257 2450 erobiua
278 2391 313 2450 in
333 2393 445 2452 Sumo.
469 2393 554 2472 Scip.
575 2405 608 2460 α,
631 2402 665 2467 5,
700 2390 876 2453 Martianus
901 2403 1009 2451 tamen
1034 2393 1165 2473 Capella

128 2485 210 2578 [lib.
231 2486 540 2578 6.p.196.0r0t.]
562 2511 636 2561 eoa,
663 2484 718 2572 qui
742 2485 830 2553 narni
855 2482 1000 2554 κάθετον
1020 2491 1068 2553 srti
1084 2492 1166 2562 lunt,
1204 2500 1206 2507 '

125 2594 307 2674 Antipudae
334 2595 483 2674 appellat,
518 2612 598 2675 quoa
614 2594 740 2654 Tullius
763 2595 891 2653 videtur
910 2585 1108 2684 transversos
1131 2596 1166 2654 in
1296 2642 1299 2646 .

126 2695 316 2757 insomnio
332 2695 416 2777 Scip.
435 2715 459 2758 c.
479 2695 514 2760 6.
535 2693 652 2757 dixiffe.
681 2692 899 2755 Antichthuna
921 2706 1037 2757 terram
1055 2697 1169 2756 viden·
1221 2732 1223 2737 -

127 2809 180 2857 tur
196 2796 401 2879 Pythagorici
423 2795 544 2858 vocalia
564 2796 698 2857 alterum
716 2793 997 2878 hemisphaerium,
1022 2811 1059 2857 ut
1077 2816 1169 2878 appa·

127 2911 178 2960 ret
200 2917 238 2958 ex
256 2896 427 2958 Plutarcho
442 2899 482 2959 de
495 2898 629 2960 decretis
644 2894 757 2978 philos.
780 2893 835 2983 [5,
852 2890 910 2980 9.]
937 2898 989 2958 Sic
1002 2912 1035 2956 et
1049 2901 1169 2978 Tapro·

128 2998 212 3061 bane
233 2996 333 3059 insula
356 2998 612 3060 Antichthonum
632 2999 843 3079 appellatione
864 2999 943 3082 alter
962 2997 1046 3060 orbie
1069 2998 1170 3059 existi·

130 3115 226 3170 mata,
251 3113 289 3159 nt
305 3101 430 3162 Pliniue
442 3101 475 3169 6,
492 3115 551 3162 22.
571 3095 614 3185 [s.
629 3092 710 3183 alp]
727 3114 760 3159 et
772 3100 900 3160 Solinus
914 3116 941 3158 c.
955 3100 1012 3174 56.
1032 3093 1074 3182 [i.
1088 3093 1170 3186 53.]

130 3203 359 3289 prodiderunt,
383 3220 478 3282 quem
494 3213 525 3262 et
548 3203 693 3262 Lucanus
715 3220 743 3269 r,
761 3210 847 3277 457.
869 3196 973 3259 orbem
995 3200 1091 3260 alium
1114 3219 1173 3261 no·

129 3305 281 3366 minavit.
334 3303 432 3386 Quod
453 3304 495 3363 ita
518 3300 621 3364 visum
643 3301 826 3383 Hipparcho
850 3300 952 3381 noster
975 3299 1059 3362 Mela
1081 3316 1174 3363 antea
1244 3322 1249 3339 *

132 3404 355 3470 observaverat
376 3404 431 3464 lib.
454 3419 486 3483 5.
513 3399 562 3491 [c.
580 3397 634 3489 7.]
657 3406 753 3464 Tatio
777 3397 837 3487 [ad
856 3396 1007 3486 Aratum]
1033 3417 1065 3463 et
1087 3405 1173 3464 Ano·

133 3527 257 3588 aymo,
283 3509 429 3587 quicum
451 3506 505 3567 illo
521 3501 758 3574 circumfertur,
787 3498 1022 3565 Antichthonea
1043 3506 1173 3587 proprie

131 3610 302 3679 dicuntur,
329 3609 386 3688 qui
403 3607 441 3668 ad
465 3607 728 3689 perpendiculum
746 3603 801 3665 sub
817 3606 885 3665 aliie
906 3602 989 3689 sunt.
1016 3640 1064 3653 -
1100 3606 1175 3665 Era·

133 3710 276 3774 tollheni
297 3710 438 3791 quidem,
463 3722 516 3769 aut
533 3707 727 3789 Hipparcho,
754 3719 791 3765 nt
804 3707 856 3766 ulii
876 3707 998 3790 legunt,
1023 3720 1056 3768 et
1077 3708 1174 3766 Tatio

135 3802 348 3897 αὐτόχθονες
367 3808 457 3878 lunt.
483 3806 539 3891 qui
563 3811 648 3869 inem
667 3805 935 3888 hemisphaerium
951 3809 1114 3876 incolunt,
1142 3817 1180 3866 et

133 3915 189 3981 alii
215 3915 370 3982 aullrum,
404 3913 458 3973 alii
484 3911 743 3993 septemtrionem
771 3908 918 3990 spectant.
984 3910 1027 3970 Hi
1051 3907 1179 3969 antoeci

135 4016 199 4083 elle
217 4018 369 4089 ridentur
385 4009 563 4082 Cleomeni,
587 4006 649 4097 [de
664 4011 786 4073 circulis
808 4012 863 4072 lib.
887 4031 916 4071 ι.
936 4031 969 4091 p.
986 4024 1045 4089 95.
1064 4001 1177 4094 unfit]

137 4118 308 4185 Mmobio
333 4113 387 4205 [in
412 4120 525 4178 Somn.
550 4115 636 4196 Scip.
660 4130 694 4188 Ω,
717 4106 780 4200 5.]
799 4128 832 4183 et
848 4112 1019 4184 Martiano,
1046 4108 1125 4202 [lib.
1142 4110 1178 4175 6.
1289 4142 1296 4150 ’Δ

187 4236 284 4314 temp.
300 4235 394 4295 auen.
413 4233 530 4308 nugae.
546 4231 583 4287 r.
602 4231 626 4286 1.
891 4211 919 4275 C
1018 4217 1029 4235 ”
