2634 4716
266 399 482 460 turone.
513 400 620 458 unu
662 399 743 481 ut.
786 401 920 477 aaut.
1051 411 1123 483 tu
1168 454 1171 461 Α

74 573 200 641 llidoro
225 576 306 661 orig.
332 573 400 636 libu
418 589 473 651 ια.
506 595 643 658 eumque
668 576 702 636 in
735 574 786 640 hie
812 533 937 640 secutae
963 543 1129 646 Menneu

73 699 110 765 ῃ.
134 691 215 758 132.
232 696 260 741 c.
279 679 301 741 Ι.
352 677 415 742 Sed
438 697 536 759 quern
560 697 641 763 vage
664 690 780 739 notant
808 664 916 741 lfiriori
948 679 1055 742 locum
1076 703 1117 745 ex

73 778 167 865 ung.
183 766 239 841 tto.
260 793 314 852 ιν.
332 797 359 840 ε.
379 796 434 843 ιο.
459 776 555 864 tange
570 781 597 840 a
613 777 734 842 arvern
751 778 791 842 ae
804 780 952 850 oanan.
976 802 1116 863 quorum

73 894 145 944 erat
169 878 317 965 phaselo·
341 878 362 942 s.
388 876 520 953 faselus,
551 878 758 963 persequitur.
801 877 855 945 Cs.
877 882 1053 945 Schneider
1078 886 1116 949 in

71 983 181 1045 indice
199 983 239 1044 ad
265 980 426 1064 scriptores
445 982 492 1043 rei
512 981 642 1044 rusticae
657 982 689 1045 h.
706 1000 739 1043 v.
789 984 851 1045 Sed
876 985 929 1064 qui
953 986 1114 1064 prolixam

72 1086 327 1167 dieputationem
349 1086 390 1145 tle
408 1083 466 1143 hac
484 1102 564 1144 voce
585 1085 716 1165 eiutque
734 1084 932 1168 etymologia
948 1085 1112 1159 desiderat,

71 1186 162 1248 adire
177 1185 278 1268 potest
294 1178 436 1247 Voffium
453 1187 494 1246 ad
508 1184 627 1249 Catuli.
643 1197 679 1266 4.
694 1185 740 1247 in.
767 1185 972 1247 Hodiernum
988 1205 1114 1250 nomen

69 1286 137 1373 legi
158 1285 294 1349 Ft'onda.
721 1308 724 1313 ·

147 1511 169 1552 o
194 1479 374 1581 Mopso)
423 1489 502 1554 Eine
524 1491 724 1554 mentionem
739 1492 833 1554 iterat
848 1512 917 1577 cap.
938 1507 992 1565 17.
1020 1492 1112 1556 etde

69 1609 111 1655 eo
128 1593 180 1675 agi
210 1593 329 1654 Seneca
345 1594 378 1650 in
396 1591 511 1655 Medea
530 1615 561 1657 v.
573 1595 656 1673 356.
682 1586 812 1682 [⁶55]
836 1596 891 1655 etsi
908 1592 1112 1656 consuttdene

68 1693 136 1755 duo
161 1606 308 1774 iliopsoe,
333 1711 470 1775 quorum
492 1695 571 1757 alter
589 1696 679 1757 venit
700 1696 732 1755 in
751 1694 906 1767 Africam,
935 1694 987 1755 hic
1007 1695 1111 1759 nosset

66 1807 197 1880 praeter
220 1793 417 1855 Phaselidem
440 1796 474 1855 in
488 1797 679 1878 Pamphylia
703 1798 866 1857 conditam
890 1795 988 1857 habet
1010 1798 1109 1861 aliam

64 1897 280 1966 memoriam,
317 1896 350 1954 in
375 1895 488 1957 Cilicia
510 1919 627 1978 nempe
652 1897 891 1979 Mopsuestiam.
930 1917 954 1956 1.
977 1915 1110 1959 cuono·

64 2016 147 2059 vtve
171 1997 247 2058 MS.
310 1993 395 2055 safra
432 1996 564 2058 Mantua
597 1998 698 2058 filium
733 1995 827 2069 facit,
865 1997 963 2078 ipsam
993 1998 1109 2064 Manto

66 2097 209 2161 'saeuae'
226 2097 334 2163 filiam,
360 2097 446 2177 quod
463 2099 632 2158 confirmat
647 2098 761 2158 Strabo
780 2112 834 2179 13.
849 2118 881 2178 p.
891 2108 975 2175 442.
989 2095 1007 2156 s.
1021 2097 1107 2176 642.

65 2200 196 2280 aliique.
245 2198 282 2258 sn
305 2210 393 2278 patre
414 2213 522 2259 tamen
545 2197 745 2260 dissentiunt.
801 2199 863 2258 tilii
885 2200 973 2258 enim
998 2196 1107 2261 serunt

63 2301 269 2384 Apollinem,
309 2313 346 2359 ut
379 2297 498 2360 Conon
528 2314 647 2362 narrat.
671 2298 703 2364 6.
739 2299 855 2360 Strabo
881 2313 935 2377 14.
962 2318 992 2381 p.
1019 2300 1107 2380 464.
1131 2286 1146 2297 '¹

15 2402 19 2407 '
65 2400 190 2484 L675.
218 2400 271 2460 alii
293 2400 463 2468 Rhacium,
491 2414 527 2460 ut
546 2398 719 2462 Pausaniae
734 2414 767 2472 7,
788 2412 820 2479 5,
841 2421 870 2461 r.
893 2411 926 2458 at
949 2401 982 2459 in
1000 2384 1107 2463 aer'ate

63 2506 149 2567 circa
164 2505 306 2564 Troiana
323 2512 466 2582 tempora
484 2497 696 2569 conveniunt.
747 2502 848 2583 Saepe
867 2498 1014 2562 miscetur
1030 2484 1107 2565 curu

64 2606 130 2668 aiio
147 2601 270 2685 Mopso,
289 2602 423 2682 Ampyci
440 2601 515 2675 filio,
537 2622 576 2662 ex
595 2604 797 2686 Argonautis,
820 2605 870 2662 uti
884 2603 1010 2662 monuit
1027 2586 1106 2664 13an

63 2726 205 2770 mannus
231 2704 364 2783 aliique,
396 2721 476 2782 quos
497 2701 606 2764 laudat
628 2707 661 2764 iu
677 2706 824 2787 catalogo
849 2706 1105 2791 Argonautarum

63 2808 123 2872 sub
139 2808 172 2868 h.
187 2829 220 2867 v.
245 2819 406 2887 clangere
423 2803 523 2884 potest
533 2804 682 2866 Barthiua
699 2806 739 2865 ad
755 2807 849 2867 Statii
858 2806 961 2869 Theb.
973 2819 1004 2883 3,
1018 2819 1103 2893 521,

63 2910 241 2993 Dislinguit
256 2921 425 2985 utrumque
441 2904 553 2967 diserte
574 2921 684 2968 notata
702 2908 853 2971 cautione
864 2904 977 2965 Strabo
992 2904 1045 2966 lib.
1067 2924 1104 2986 9.

63 3025 146 3075 extr.
188 3005 238 3071 Cf.
258 3005 350 3089 supra
373 3006 486 3088 capitis
511 3009 604 3069 initio
630 3009 670 3068 de
690 3006 880 3088 Pamphylia
903 3020 935 3066 et
958 3004 1040 3066 infra
1060 3008 1104 3071 ad

62 3130 134 3195 cap.
161 3106 214 3181 17⁸,
236 3122 268 3171 Ω.
317 3110 356 3167 At
374 3110 506 3191 gravina
524 3109 608 3168 valet
630 3110 668 3167 ad
695 3107 926 3188 Geographica,
953 3109 1038 3189 quod
1061 3111 1104 3191 de

61 3217 135 3281 eiua
150 3210 339 3295 migratione
356 3206 499 3269 referunt
517 3224 661 3270 auctorer
674 3210 714 3269 de
732 3209 861 3268 urbibus
877 3209 916 3266 ab
933 3227 971 3268 eo
990 3210 1023 3268 in
1039 3208 1104 3271 hoo

61 3318 154 3383 Asiae
180 3327 280 3375 tractu
301 3310 454 3378 conditio,
489 3313 521 3372 in
544 3312 657 3373 Cilicia
678 3311 835 3379 maxime,
864 3309 919 3369 ubi
943 3310 1011 3371 eine
1037 3328 1103 3371 tun·

60 3417 202 3485 moriam
228 3411 352 3474 servant
376 3409 504 3477 Mallus.
535 3409 728 3493 Mopsuestia
757 3444 800 3458 -
838 3409 1011 3472 Certamen
1033 3390 1104 3473 eiur'

62 3520 106 3583 de
141 3517 276 3599 imperio
316 3533 389 3574 curn
426 3512 602 3575 Calchante
638 3526 871 3574 commemorat
902 3513 1016 3572 Strabo
1045 3523 1101 3592 14,

61 3641 97 3705 p.
118 3619 202 3701 4⁶4·
227 3615 247 3679 s.
267 3617 351 3691 675.
382 3628 416 3676 et
435 3633 514 3696 quoe
544 3613 690 3697 producit
712 3613 826 3690 Heyne
850 3613 889 3671 ad
914 3600 1102 3693 apollodor,

60 3740 95 3807 p.
114 3741 159 3783 m.
176 3721 260 3796 655.
279 3730 310 3778 et
334 3730 437 3794 1037.
489 3716 585 3784 sude,
616 3715 701 3797 quod
723 3714 796 3773 addi
819 3712 927 3795 potest.
954 3714 1104 3797 intelligi·
1140 3784 1145 3793 ‚

61 3835 132 3893 tut,
159 3840 214 3882 cur
229 3821 261 3880 in
276 3820 388 3883 Cilicia
405 3819 509 3879 cultut
525 3816 638 3886 suerit,
667 3804 849 3899 clarumque
867 3814 1014 3876 habuerit
1034 3834 1104 3875 ora·

62 3925 190 3993 cusum,
228 3921 268 3983 de
294 3922 382 3980 cuiue
405 3919 465 3980 side
485 3932 515 3980 et
541 3913 730 3980 anctoritate
754 3916 916 3978 historiam
945 3915 1043 3976 habes
1064 3916 1102 3980 in

60 4023 236 4096 Plutarcho
261 4023 302 4086 de
327 4022 484 4089 oraculor.
504 4019 631 4085 defectu
649 4042 681 4107 p.
704 4032 788 4097 709.
815 4019 886 4082 Vol.
904 4032 938 4107 7.
957 4016 1041 4103 Lips.
1067 4032 1101 4082 et

682 4120 793 4191 tter
