2634 4716
136 437 178 503 η
288 476 292 481 ,
405 421 569 481 raom
609 420 984 479 exuoertcsu.

137 599 248 663 dianus
271 610 345 661 ante
370 590 654 665 commemorarit.
686 592 725 657 ad
752 592 893 657 Mediam
926 594 1043 676 potius¹
1060 592 1174 669 resero.

134 704 190 767 etsi
212 701 378 781 Hyrcanos
399 700 536 763 debebat
557 713 769 783 praeponere,
793 711 831 761 ut
850 692 932 759 inira
952 696 1175 783 Pamphyliam

135 806 262 887 Lyciae.

210 944 402 1041 Hyrcani
409 947 429 1037 )
478 942 530 1017 Cf.
548 944 587 1014 ad
609 958 642 1030 3,
665 952 698 1030 5,
717 956 757 1033 ’4.
788 942 830 1015 de
853 942 958 1013 lieris
977 948 1017 1014 sd
1032 964 1067 1029 3,
1086 954 1120 1031 5,
1138 948 1171 1015 6.

133 1070 167 1124 et
182 1055 221 1123 tle
236 1054 448 1143 Hyperboreis
467 1054 589 1118 ibidem
609 1056 639 1134 §.
663 1074 693 1118 t.

211 1206 447 1289 Cimmerii)
494 1209 522 1271 t
547 1200 633 1277 Ὃ)
659 1226 770 1269 remor
793 1196 816 1271 i.
836 1225 865 1270 e.
889 1196 1065 1295 nigrescere
1086 1202 1174 1271 duct

132 1306 282 1377 Bochnt.
299 1312 333 1373 in
347 1309 498 1373 Chanaan
521 1330 550 1379 ι.
567 1322 626 1391 35.
653 1302 834 1372 (inmeritas
855 1305 946 1371 suille
960 1318 1052 1391 putat
1068 1306 1172 1391 Uplta·

132 1434 196 1499 gen
217 1414 252 1475 iu
273 1414 412 1496 parergis
432 1404 503 1473 hill.
517 1430 549 1493 p.
568 1428 626 1473 so.
649 1425 683 1475 et
699 1424 772 1473 aute
788 1428 864 1473 eum
880 1402 1021 1489 Bayerus
1035 1430 1069 1492 p.
1092 1410 1171 1481 rufi.

132 1535 161 1578 c.
181 1515 202 1578 l.
224 1524 407 1597 praeeunte,
436 1514 523 1594 qnod
544 1514 632 1583 dicit,
655 1512 827 1583 nocuum,
850 1514 906 1593 qui
924 1526 1030 1575 temen
1050 1508 1116 1593 ipse
1137 1511 1170 1581 in

131 1615 255 1701 Phaleg
279 1628 311 1691 3,
334 1622 369 1693 8.
395 1608 476 1679 ultre
496 1610 640 1677 Pontum
668 1610 835 1675 Euxinum
858 1611 967 1677 versus
986 1613 1171 1696 aquilonam

130 1730 296 1787 remorer.
323 1730 356 1778 et
377 1724 491 1779 terram
508 1716 628 1779 Gomer
648 1714 806 1799 Phrygiae
828 1711 1102 1806 xnrnxsxaope'up
1121 1714 1172 1781 ad·

130 1816 240 1904 signat.
294 1818 393 1902 Quod
415 1818 486 1879 vult
501 1810 652 1898 Bayerus.
684 1834 724 1879 ex
740 1817 890 1881 Armenia
905 1814 1014 1879 versus
1036 1800 1181 1899 septem*

129 1920 270 1983 monem
288 1914 422 2002 proiecti
445 1916 650 1981 substiterunt
669 1918 798 1981 tandem
811 1920 850 1979 ad
873 1932 1044 2001 utramque
1055 1916 1172 1987 Tanais

128 2024 246 2105 ripam.
281 2021 337 2083 uhi
360 2032 394 2083 et
416 2021 580 2085 Homerus
602 2018 711 2099 Odyls.
733 2040 785 2091 tt.
814 2032 869 2098 14.
891 2035 1008 2107 ponet.
1037 2020 1096 2085 etsi
1119 2016 1171 2089 alii

128 2122 219 2187 aliter
237 2122 388 2185 lentimt.
429 2121 480 2184 cf.
505 2122 553 2185 ibi
577 2120 766 2184 Eustathius.
819 2117 1063 2203 Antiquissima
1084 2116 1171 2191 seder

128 2222 192 2288 illis
220 2226 383 2311 adfiguant
410 2224 599 2309 plerumque
619 2224 653 2285 in
682 2214 825 2285 confinio
848 2217 937 2285 luae
961 2236 995 2285 et
1019 2222 1170 2307 Europae

127 2325 402 2411 septemtrionalis.
461 2327 514 2389 Sic
544 2322 582 2387 ad
613 2316 791 2407 Bosporum
825 2324 939 2387 Strabo
963 2334 996 2404 3.
1023 2345 1057 2408 p.
1085 2340 1169 2409 ¹⁰3·

67 2454 73 2461 ·
126 2424 148 2491 s.
171 2440 253 2509 149.
279 2431 316 2490 ad
335 2428 515 2510 Bosporum
538 2440 570 2489 et
583 2428 707 2489 Tanain
724 2420 857 2506 Dionys.
879 2447 911 2487 v.
935 2428 1015 2499 167.
1031 2440 1066 2489 et
1081 2426 1168 2507 68t.

128 2532 261 2611 eiusque
283 2533 473 2611 interpretes
495 2526 642 2591 Priscian.
656 2549 689 2590 v.
707 2529 792 2591 662.
815 2544 848 2589 et
867 2526 1010 2591 Avienus
1031 2546 1065 2593 v.
1082 2530 1168 2607 866.

128 2630 208 2691 ultra
230 2628 392 2710 Rhipaeos
411 2637 538 2691 montes
559 2628 593 2709 in
615 2629 734 2691 Oceani
753 2629 901 2709 Asiaeque
922 2648 976 2693 ors
997 2650 1073 2696 cum
1093 2633 1169 2713 Scyt

129 2731 194 2793 thie
218 2728 368 2813 Orpheus
393 2733 512 2814 Argon.
536 2748 568 2793 r.
598 2743 690 2809 1118
714 2729 757 2812 lq.
799 2732 985 2813 Apollodor.
1010 2748 1044 2803 a.
1078 2754 1107 2805 s,
1133 2748 1168 2815 3.

127 2830 288 2895 Plutarch.
304 2828 337 2893 in
355 2829 458 2894 Mario
472 2844 499 2893 c.
523 2852 577 2894 tt.
605 2826 730 2894 Plinius
751 2834 804 2899 16.
827 2831 919 2911 14.ss
941 2847 996 2914 15.
1020 2848 1056 2897 et
1071 2848 1113 2897 etr
1126 2854 1167 2913 eo

126 2935 256 2997 Solinus
275 2953 302 2997 c.
328 2950 386 2996 att.
410 2930 430 2997 s.
456 2942 511 3007 ⁸7·
548 2934 721 2995 Martianus
744 2927 869 3016 Capella
890 2935 947 2997 lib.
963 2937 998 3009 6.
1021 2950 1056 3019 p.
1083 2949 1166 3019 214.

126 3032 214 3098 Hinc
235 3054 312 3098 vero
333 3028 504 3099 Σκυθικὸν
528 3029 620 3111 ἔθνος
641 3035 754 3097 dicunt
775 3036 954 3099 Eustatltiue
976 3038 1017 3099 ad
1031 3036 1165 3121 Dionys.

126 3154 160 3201 r.
181 3138 261 3217 163.
287 3139 394 3201 schol.
412 3137 561 3219 Apollon.
580 3154 610 3205 e.
634 3138 713 3215 ¹⁶8·
740 3136 919 3215 Hesychius
933 3138 967 3202 h.
983 3161 1017 3203 v.
1055 3138 1165 3205 Proxi-

124 3258 178 3301 me
194 3241 232 3301 ad
253 3240 348 3301 fidem
366 3241 513 3301 accedere
527 3240 656 3300 videtur
671 3240 826 3300 Herodoti
843 3244 989 3311 narratio.
1011 3244 1067 3323 qul
1083 3240 1164 3307 olim

125 3338 270 3403 conlocat
291 3344 328 3401 ad
346 3339 523 3425 llosporunt
545 3353 578 3401 et
594 3342 732 3409 Tanain.
762 3343 849 3421 quud
872 3344 1009 3405 declaret
1030 3342 1165 3427 Bospori

126 3443 297 3505 Cimmerii
318 3458 501 3529 cognomen
523 3442 645 3524 aliaque
668 3442 752 3511 loca,
775 3449 829 3520 (4.
853 3446 928 3521 te.)
960 3446 1037 3507 inde
1056 3444 1163 3528 pulsor

125 3565 142 3606 ιι
162 3544 291 3624 Scythis
309 3557 341 3606 et
365 3544 398 3605 in
420 3541 493 3628 suga
516 3542 708 3627 agitantibus
722 3562 761 3606 ex
776 3545 904 3627 Europa
920 3541 954 3606 in
970 3548 1072 3608 Aliam
1090 3568 1165 3613 con·

125 3640 252 3717 cessisse,
275 3646 329 3730 (ι.
352 3650 405 3723 ι5.
427 3659 507 3726 ¹03.
534 3656 619 3725 401.
640 3665 695 3709 ιι.
717 3643 793 3728 12.)
821 3648 943 3709 louiam
962 3663 1036 3711 ante
1055 3648 1163 3715 Orodi

125 3759 272 3830 tempora
293 3746 472 3817 devastasse.
495 3744 509 3833 (
522 3766 552 3819 ι,
571 3746 625 3831 6.)
659 3750 770 3810 Sardes
795 3750 983 3834 expugnasse
1004 3751 1058 3835 (t.
1084 3750 1163 3835 15.)

124 3851 255 3913 tandem
281 3846 513 3912 Chersonesum
539 3842 719 3931 Sinopicam
747 3851 920 3912 condidisse
945 3864 978 3914 et
1003 3847 1050 3915 issi
1076 3856 1163 3935 quie.

124 3950 210 4013 risle.
237 3950 294 4036 (4.
319 3950 396 4036 ts.)
436 3954 488 4011 Sic
503 3946 536 4013 in
553 3954 695 4014 dextram
713 3948 809 4013 Ponti
826 3968 946 4034 partem
962 3966 997 4015 et
1009 3958 1165 4041 contigue

124 4050 192 4115 loca
216 4047 335 4114 innius
357 4050 452 4114 refert
474 4051 587 4115 Strabo
610 4074 638 4117 t.
658 4072 691 4135 p.
707 4064 768 4131 do.
793 4052 814 4115 l.
838 4055 896 4119 fit.
921 4052 1002 4118 circa
1025 4055 1176 4123 llruueri¹

124 4165 271 4237 temporat
286 4154 325 4217 sd
342 4154 469 4219 lunistu
483 4166 518 4219 et
532 4153 664 4223 teoto·
685 4154 861 4240 progressos
875 4154 935 4223 elle
956 4156 1013 4224 lib.
1033 4178 1061 4223 ι.
1077 4176 1113 4244 p.
1126 4168 1163 4241 4.
