2634 4716
284 406 638 487 rurore-neena.
679 412 761 471 nr.
803 408 912 473 axa
954 412 1033 485 er.
1106 404 1179 488 '1⁵4¹
1294 448 1298 459 .

134 582 276 672 graphio.
318 585 491 673 Praecipue
505 584 597 657 urhe.
620 604 717 668 quam
733 585 847 651 Noster
862 606 929 650 non
946 587 1076 674 adtigit.
1098 584 1179 673 oela-

134 687 245 773 hraror
260 685 430 753 Samosata.
448 685 579 777 (Strabo
591 687 649 751 lib.
663 688 719 752 ro.
732 691 863 771 p.526.
880 688 900 753 f.
911 691 1011 769 749.)
1047 687 1177 769 Postero

134 802 283 872 tompore
298 802 388 850 encra
400 789 503 870 allona
518 803 606 872 parte
621 790 704 853 dieta
723 788 768 852 est
781 788 1015 882 Euphroresra.
1041 791 1095 852 vei
1109 789 1178 852 Ere·

132 884 333 980 phrorerpsrs.
370 890 412 953 de
437 909 504 973 qno
530 906 653 972 praeter
678 892 887 976 Gangra‘phoa
909 890 950 956 of.
975 891 1112 953 Valesme
1137 891 1178 953 ad

133 992 299 1059 ammian.
317 1000 431 1071 ι4.,8.
463 1005 496 1053 et
516 992 699 1078 Weffeiing.
721 994 760 1057 ad
785 995 970 1062 Hieroclem
991 1014 1063 1079 pag.
1090 1006 1176 1068 712.

134 1093 273 1159 victori·
286 1081 389 1157 aetate
401 1091 736 1186 Angustophratensrs.
758 1109 795 1157 ut
812 1094 877 1178 ipse
889 1097 1033 1157 adfirmat
1047 1096 1081 1156 in
1097 1094 1176 1177 epit.

121 1204 248 1280 913.
288 1192 386 1256 Nune
405 1195 585 1277 quaerenda
606 1196 650 1259 est
671 1198 751 1277 uitta
769 1200 930 1277 Aenariam
953 1208 1116 1267 montem.
1140 1195 1175 1258 h.

133 1294 341 1380 Aimadagby
361 1294 470 1359 verine
484 1297 683 1379 Euphratem
698 1311 773 1361 ante
788 1296 943 1361 Diarroia

132 1548 157 1555 ..
262 1502 293 1579 §.
319 1515 355 1564 ιι.
405 1498 673 1594 Palaestine)
723 1500 781 1566 Gr.
804 1495 1023 1592 Hodororiva.
1049 1499 1179 1563 Variant

136 1613 245 1664 tamen
264 1602 357 1663 numi
377 1613 411 1662 et
430 1600 567 1684 lapidee.
592 1604 627 1663 in
647 1601 764 1684 quibua
778 1605 874 1667 etiam
894 1599 1041 1667 Παλεστ.
1059 1616 1093 1663 et
1111 1601 1180 1664 Iin-

137 1698 296 1788 λαιστὴνη
317 1702 445 1786 legitor.
495 1703 567 1766 vid.
588 1700 709 1767 Rafche
731 1705 766 1766 in
790 1706 867 1767 Lex.
888 1724 1011 1768 nunrar.
1028 1705 1126 1766 Tom.
1145 1715 1187 1782 5.
1274 1701 1277 1704 ’

83 1800 87 1809 ’
136 1804 175 1868 P.
193 1820 227 1867 a.
249 1824 281 1886 p.
302 1811 389 1885 412.
407 1800 540 1885 417fq.
589 1805 697 1869 Douia
721 1809 875 1882 etiamin
896 1808 1012 1869 itinere
1029 1803 1181 1869 Constan-
1247 1866 1250 1870 ,

137 1904 355 1988 hieropolitano
375 1906 459 1981 (vid.
479 1904 638 1968 Gronovii
657 1905 735 1970 thei.
753 1909 824 1971 Vol.
840 1909 873 1971 6.
888 1928 920 1990 p.
933 1908 1056 1986 3373.)
1076 1904 1182 1967 inieri-

123 2005 285 2092 'ptionem
305 2002 425 2077 adfert.
451 2007 486 2067 in
511 2027 572 2088 qna
594 2006 745 2090 [criptum
764 2008 878 2071 exstat:
912 2011 1035 2094 Συριας
1056 2003 1185 2070 Παλαι·

140 2107 275 2194 πείνης.
324 2106 454 2171 Notum
477 2108 536 2180 est.
568 2110 602 2169 in
624 2107 782 2191 scriptoria
808 2109 897 2172 [acria
917 2111 982 2171 dici
1010 2110 1183 2178 Chaireon.

139 2228 200 2294 pro
229 2228 291 2291 qua
322 2207 411 2291 saepe
440 2208 626 2272 Phoenicen
658 2224 787 2292 ponunt
820 2211 930 2273 ludaei
968 2210 1184 2281 Alexandrini,
1217 2255 1219 2258 -

141 2309 500 2397 propter'Phoonicum
523 2330 562 2372 ex
584 2310 782 2374 chananaeis
806 2313 976 2396 originem.
1028 2312 1185 2391 Exempla

142 2415 264 2477 r'ahunt
286 2411 434 2474 Bochart.
455 2413 489 2472 in
507 2412 629 2495 Phaieg
643 2422 677 2490 4,
701 2426 761 2492 34.
787 2414 950 2476 ῙὶιιῙιιιάιιι
963 2414 999 2473 ἰιι
1016 2411 1187 2481 Palaestina

86 2512 88 2517 ’
149 2535 179 2586 ι,
197 2530 230 2596 7.
254 2528 288 2576 et
302 2513 463 2573 Baohiene
477 2515 518 2576 Τ.
538 2534 566 2574 ι.
584 2513 621 2575 1’.
641 2535 669 2576 1.
686 2535 717 2596 p.
735 2526 796 2592 45.
845 2515 964 2590 Contra
983 2512 1134 2596 Iosephus
1148 2514 1184 2573 in

142 2617 265 2697 antiqu.
283 2614 355 2677 lud.
371 2613 404 2685 6.
420 2625 445 2693 4
460 2612 502 2696 sq.
543 2614 731 2701 Philissaeoe
746 2618 790 2679 V..
802 2619 843 2678 T.
866 2618 971 2689 reddit
984 2614 1186 2696 Palaestinos.

137 2719 264 2800 ‘quippe
274 2735 296 2777 a
310 2714 426 2795 quibua
441 2717 502 2778 hoe
516 2735 637 2778 nomen
653 2706 805 2787 manavit.
825 2732 862 2779 nt
877 2719 972 2780 docet
983 2698 1154 2782 Relandm.
1161 2716 1185 2780 1.

145 2821 197 2881 De
212 2820 281 2880 aliie
297 2817 487 2898 nominibue
503 2837 536 2878 v.
553 2836 582 2879 c.
605 2809 729 2909 Israel.
746 2821 830 2899 regio
852 2810 992 2911 Isroeir's.
1019 2819 1105 2899 regio
1120 2816 1186 2881 He·

142 2917 319 2991 bearorum.
341 2917 466 2979 Iudaeo
485 2951 537 2966 —
560 2916 600 2980 of.
621 2920 781 2983 Bechiene
800 2941 832 3004 p.
849 2930 897 3002 45
910 2918 971 3001 sqq.
989 2940 1016 2981 o.
1035 2920 1056 2981 1.
1081 2918 1187 2983 Sami·

146 3034 198 3083 tur
219 3033 326 3083 autem
350 3017 438 3081 sensu
454 3020 559 3081 latiori
573 3032 606 3082 et
627 3021 778 3105 angusto.
808 3034 841 3085 et
857 3013 955 3083 modo
969 3022 1079 3100 Syriae
1094 3020 1188 3096 adtri-
1220 3054 1224 3061 ·

140 3122 274 3211 heitar.
300 3123 401 3184 modo
416 3121 574 3190 demitur.
605 3124 771 3203 variaeque
792 3122 868 3207 hinc
892 3134 1189 3192 commemorantur

139 3228 217 3287 eiua
236 3234 351 3307 parter.
403 3221 516 3284 Noster
533 3225 640 3302 Syriae
656 3223 820 3294 adscribit.
846 3238 938 3304 atque
956 3224 999 3282 ita
1020 3224 1116 3284 eriam
1132 3222 1188 3285 alii

147 3325 366 3416 Palaestinam
382 3325 508 3406 Syriam
530 3325 643 3386 dicunt
664 3339 697 3386 et
717 3323 934 3418 Palaestinam
958 3323 1080 3405 Syrum.
1134 3320 1186 3414 Cf.

137 3425 283 3493 :otofius
301 3442 332 3496 r.
350 3442 385 3489 α.
398 3447 431 3508 p.
454 3426 508 3489 16.
527 3424 662 3487 Haverc.
689 3427 773 3491 Plin.
797 3444 849 3497 aa,
868 3436 927 3507 40.
944 3422 966 3486 s.
983 3439 1038 3499 17.
1062 3422 1188 3509 loseph.

152 3530 273 3609 antiqu.
289 3529 361 3590 lud.
377 3539 411 3605 8.
431 3546 485 3597 ro.
503 3541 537 3606 3.
562 3528 704 3601 Prolem.
715 3518 746 3606 5.
763 3530 817 3611 ιβ.
846 3528 945 3590 Ovid.
957 3528 994 3588 Δ.
1006 3525 1042 3588 d.
1059 3547 1087 3597 ι,
1101 3527 1189 3607 4ι6.

152 3631 273 3693 Tibuli.
296 3649 325 3700 r.
343 3643 377 3706 7,
397 3641 452 3707 rss.
487 3643 520 3690 et
546 3647 627 3714 quae
660 3631 869 3714 conlegerunt
899 3629 966 3690 lora
992 3628 1127 3690 Reland.
1154 3628 1190 3717 in

145 3730 280 3797 fenest.
295 3751 324 3802 ι,
340 3742 375 3808 8.
391 3751 422 3813 p.
437 3751 481 3793 m.
493 3744 538 3809 52
551 3728 592 3810 sq.
620 3745 653 3806 er
669 3732 758 3795 lebh.
776 3733 815 3793 de
828 3730 970 3793 Aristidis
984 3730 1048 3797 vira
1063 3731 1097 3789 in
1114 3749 1190 3811 opp.

152 3835 196 3899 T.
217 3854 245 3897 ι.
260 3837 289 3912 §.
308 3833 342 3911 6.
360 3847 395 3910 7.
446 3834 496 3894 De
516 3832 676 3914 lapidibus
689 3830 729 3900 of.
745 3832 871 3896 Gruter.
888 3853 920 3914 p.
936 3841 1023 3911 495.
1041 3853 1074 3923 ιι.
1091 3845 1124 3893 2.
1150 3830 1192 3909 de

154 3931 390 4000 numialiaiche
404 3953 432 3995 o.
446 3934 469 3995 i.
497 3934 620 3995 Tamen
637 3947 670 3995 et
685 3933 725 3995 fic
737 3934 939 4017 Ptolemaeus
949 3945 981 4010 5.
997 3932 1107 4018 1¹6.in.
1129 3928 1194 4014 ipsa

152 4040 245 4117 Syria
262 4038 423 4101 terminat.
453 4035 507 4099 Sic
522 4048 555 4097 et
569 4034 693 4097 Iudaeo
708 4033 799 4119 saepe
814 4046 960 4115 vocatur.
982 4030 1037 4116 (in
1055 4032 1194 4106 Ptolom.

154 4158 183 4207 e.
205 4139 297 4203 1.-
323 4139 462 4201 maxime
487 4138 524 4198 in
548 4136 648 4202 literis
671 4134 786 4222 sarria)
817 4135 856 4199 ab
888 4135 941 4199 ille
963 4133 1063 4207 etiam
1094 4131 1195 4198 saion·
