2634 4716
224 401 290 476 n,
494 393 657 455 atoma
687 370 998 470 ‘axsoarrcsa

223 566 349 644 tendit,
370 564 504 655 Augilas
522 566 584 632 elle
599 566 819 642 Nasanronesr
846 564 962 651 Augila
979 563 1068 633 enim
1083 564 1146 628 esse
1167 561 1262 650 oppi-

147 704 150 708 ·
200 674 306 737 =dum
326 670 564 742 Nasamonum,
596 664 754 755 idemque
776 666 851 732 satia
876 691 915 732 ex
937 670 1107 737 Herodoto
1135 665 1263 752 conligi

146 806 148 811 ·
222 773 324 863 polle.
374 774 473 838 Certe
490 768 607 856 Augila
624 768 759 856 utrique
777 773 902 855 populo
919 766 1036 833 tribuit
1050 769 1262 835 Ptolemaeus

222 888 260 956 4,
281 888 316 954 5.
342 889 375 937 et
387 870 513 957 Augila
533 872 733 937 Nasamonas
756 875 882 958 palmas
903 871 1108 956 decerptum,
1136 868 1261 955 quibus

220 975 280 1043 itte
302 995 378 1061 ager
393 975 556 1054 abundet,
583 975 816 1059 comprobante
833 971 870 1036 id
886 994 992 1058 nuper
1009 976 1260 1046 Hornemanno,

221 1095 351 1166 petere,
379 1074 531 1139 adfirmat
545 1075 754 1149 Herodotus,
777 1096 879 1162 quam
895 1073 1030 1161 quidem
1046 1071 1168 1143 erroris
1182 1094 1261 1138 cau·

221 1181 290 1243 sam
305 1178 413 1244 Melae
426 1176 519 1240 baille
537 1174 666 1242 indicet
678 1175 870 1249 Pindarus,
896 1197 974 1244 eum
990 1174 1106 1241 diversi
1119 1171 1169 1241 illi
1189 1174 1260 1240 sue-

220 1280 305 1360 rint,
332 1281 387 1341 etsi
402 1276 621 1352 contermini,
647 1279 737 1366 qnod
752 1279 886 1363 adparet
901 1301 940 1341 ex
960 1279 1161 1343 Ptolemaeo.
1197 1274 1260 1342 Vix

219 1378 324 1466 igitur
345 1377 574 1464 indiligentiae
596 1378 756 1445 immunis
779 1380 839 1443 effe
859 1379 991 1447 ridetur
1011 1379 1136 1450 noster,
1166 1379 1259 1463 quod

141 1502 143 1507 ·
218 1498 256 1546 et
284 1479 410 1545 censuit
438 1480 683 1544 Wernadorfins
715 1480 752 1547 in
781 1484 919 1546 excursu
944 1505 998 1547 ro,
1031 1481 1073 1542 ad
1095 1477 1258 1547 Prisciani

152 1626 154 1631 «
217 1581 346 1670 perieg.
365 1604 397 1671 p
416 1594 501 1662 582.
557 1583 717 1647 Accnrste
737 1582 843 1668 magis
863 1583 1009 1647 versatus
1032 1579 1090 1647 hic
1110 1581 1156 1644 est
1177 1583 1258 1647 Ter·

217 1684 389 1750 tullianus.
462 1682 571 1748 Aliam
610 1683 852 1750 accusationem
891 1707 932 1749 ex
970 1698 1155 1750 memorato
1188 1704 1256 1747 ma·

216 1784 316 1850 arium
344 1789 437 1850 cultu
460 1778 577 1849 divino
602 1783 731 1849 instruit
756 1783 969 1858 ciacconius,
1004 1783 1128 1871 quippe
1155 1806 1257 1870 quem

216 1887 320 1952 etiam
334 1890 375 1951 fic
390 1887 521 1974 ignoret
534 1889 734 1960 Herodotus,
758 1903 792 1953 et
807 1885 1009 1973 optimorum
1024 1903 1153 1951 tantum
1168 1885 1256 1949 viro·

216 2012 293 2053 rurn
316 2005 349 2052 et
370 1987 612 2054 iustissimorum
633 1986 806 2052 animabus
828 1986 969 2061 tribuat,
1002 1989 1094 2074 quod
1116 1986 1256 2074 quidem

216 2094 340 2155 Vossius
354 2088 456 2154 nimis
474 2107 629 2176 argutum
643 2091 761 2162 censet,
781 2106 853 2155 tum
867 2089 1027 2162 Plinium,
1052 2087 1111 2177 qui
1132 2083 1255 2181 inferos

214 2190 281 2258 tric-2
298 2190 436 2255 omnino
459 2188 606 2278 posuerit
625 2212 686 2277 pro
709 2190 885 2263 manibus,
918 2207 1033 2256 contra
1050 2193 1254 2255 ‘salmasium
1308 2276 1311 2283 Ι

218 2297 259 2362 ad
282 2292 385 2358 Sosin.
403 2317 435 2378 p.
450 2317 497 2357 m.
514 2312 597 2377 293.
616 2288 748 2368 tuetur,
768 2314 846 2356 cum
860 2294 923 2357 Dii
945 2314 1051 2356 martes
1072 2299 1106 2360 εἰ
1121 2295 1186 2355 Dii
1206 2296 1254 2356 in.

212 2389 280 2488 feri
301 2395 486 2478 promiscue
500 2394 536 2458 in
556 2393 722 2480 lapidibus
738 2409 931 2467 occurrant,
956 2394 1080 2480 Diique
1092 2388 1207 2486 superi
1220 2411 1254 2457 et

214 2490 315 2586 inferi
334 2494 371 2557 in
391 2495 582 2559 auctoribus
608 2494 791 2578 saepissime
809 2499 1030 2581 obponantnr.
1080 2497 1148 2559 Sed
1169 2497 1252 2561 haec

214 2594 377 2685 prolixius
399 2594 564 2681 disputata
587 2598 628 2660 ad
650 2594 751 2661 Plinii
769 2601 889 2662 ⁴locum
911 2595 1064 2681 proximo
1087 2595 1177 2664 dicta
1197 2618 1250 2669 va·

215 2701 296 2761 lent.
333 2716 538 2764 ressuscita,
601 2700 724 2783 Quales
745 2700 804 2763 snit
824 2720 937 2761 manes
959 2697 1033 2768 Dii,
1064 2715 1155 2783 patet
1173 2697 1250 2763 satis

136 2836 141 2842 ·
212 2803 303 2864 clare
321 2793 377 2860 hic
394 2796 619 2862 ex'mentione
638 2802 860 2873 tumulorum,
893 2800 982 2885 quod
999 2798 1066 2863 scil.
1082 2798 1154 2864 illic
1176 2801 1250 2864 dor·

211 2898 355 2966 orientes
380 2899 609 2973 crediderunt,
641 2902 702 2964 else
724 2900 821 2964 instar
843 2899 975 2984 templi,
1012 2898 1157 2986 inquo,
1193 2917 1250 2965 aut

213 3001 302 3066 circa
320 3004 410 3086 quod
425 3000 460 3066 hi
478 3005 724 3089 qualescunque
739 3001 797 3065 Dii
821 3004 1044 3075 versarentur,
1078 3023 1162 3088 quoa
1180 3024 1250 3067 nota

212 3106 381 3191 possumus
404 3102 486 3168 alios
511 3102 712 3189 intelligere,
743 3126 843 3191 qnam
863 3124 945 3189 quoa
968 3103 1108 3166 Romani
1135 3102 1251 3169 dixere

99 3284 102 3290 ,
206 3200 270 3298 snb
296 3205 413 3269 umbris
445 3221 656 3280 nrortuorum:
696 3226 783 3291 quae
807 3203 923 3290 opinio
948 3203 1119 3269 clarissuua
1142 3205 1189 3269 est
1213 3204 1250 3272 in

210 3305 351 3389 antiqua
367 3305 582 3392 inscriptione
606 3309 695 3393 apud
711 3306 874 3393 Spaniam
890 3303 926 3368 in
940 3307 1077 3373 Miscell.
1098 3306 1251 3373 eruditae

214 3408 339 3494 antiqu.
353 3431 386 3492 p.
399 3424 482 3486 333.
505 3407 564 3473 ubi
579 3407 698 3494 aliquis
716 3406 884 3475 dedicavit
901 3423 1133 3473 monumentum
1149 3403 1249 3503 sarum

205 3502 433 3606 [amitternum
456 3509 536 3571 Diis
559 3510 703 3572 mortibus
717 3503 799 3604 sois.
862 3511 899 3573 ld
923 3511 1013 3596 quod
1038 3508 1145 3594 magis
1170 3510 1250 3574 inde

212 3626 364 3696 apparet,
391 3610 499 3696 qnod,
525 3632 602 3673 eum
617 3609 790 3696 Philippus
811 3608 898 3676 circa
914 3614 1057 3676 Athenas
1072 3610 1250 3677 disiecilset

207 3700 360 3797 steprrlcra
373 3731 459 3794 prae
474 3710 535 3785 ira,
564 3728 596 3773 et
613 3711 825 3777 Athenienses
842 3713 883 3775 de
899 3716 962 3777 hac
978 3735 1013 3776 re
1029 3730 1248 3800 quererentur

211 3815 300 3899 apud
322 3817 506 3894 Romanos,
541 3812 658 3877 dicunt
679 3815 932 3879 nudatos-Deos
954 3838 1062 3878 maeres
1083 3817 1172 3900 apud
1192 3815 1248 3879 Li·

210 3915 304 3979 vium
323 3932 380 3992 31,
399 3930 458 3990 30,
479 3930 511 3993 5.
547 3936 570 3977 1.
597 3935 794 3979 ononovrvs
813 3917 886 3979 MS.
936 3914 1165 3991 Manifestum,
1192 3919 1247 3981 de·

54 4026 59 4034 ‘
118 4100 121 4105 .
213 4015 329 4103 signari
346 4013 403 4078 hic
416 4032 582 4079 certorum
597 4032 725 4079 tantum
740 4014 928 4090 hominum,
949 4016 1007 4103 qni
1020 4017 1146 4082 mortui
1162 4020 1245 4093 suno

210 4117 316 4186 resuti
341 4115 584 4184 iustiffimorum
606 4133 639 4182 et
658 4116 906 4184 fortissimorum
931 4118 1125 4194 hominum,
1155 4137 1194 4186 ut
1214 4136 1247 4185 et
