2634 4716
233 396 306 495 'tat
510 407 1016 506 itonamxroacrcaa

131 622 134 631 ·
239 584 468 657 Boccatiuade
481 584 656 671 Genealog.
670 585 769 648 Deor.
785 595 819 662 5.
841 603 897 648 ro.
924 578 977 649 Gi.
991 579 1282 666 iudeiihorliginat

240 689 277 753 lh
301 690 387 751 lectt.
407 696 524 770 auth.
544 700 603 768 23.
623 705 659 769 .p.
679 697 764 765 215.
815 685 936 747 Filium
963 684 1107 767 plerique
1130 683 1284 764 apollino

240 786 380 860 faciunt.
407 791 447 850 de
472 791 560 852 cuiun
582 802 675 870 partu
695 789 774 848 mira
791 798 968 850 narraverat
983 787 1101 857 Varro;
1134 785 1284 849 amulium

241 891 312 954 atur
327 890 441 953 Strabo
463 902 517 968 ¹4·
539 910 571 972 p.
585 889 671 968 436.
689 887 710 950 s.
728 889 813 967 634.
848 889 1033 951 Terentiam
1055 887 1193 949 Maurus
1213 905 1283 970 pag.

242 1001 306 1074 34.
321 990 353 1054 b.
376 992 428 1054 ed.
442 989 537 1055 Paris.
558 1003 666 1070 1551.
707 989 906 1051 vaticinandi
927 1004 994 1051 arte
1016 989 1190 1056 instructua
1210 1007 1283 1050 curn

241 1090 348 1159 subito
365 1090 469 1176 polleo
488 1091 672 1162 evanuillet.
699 1092 856 1173 templum
870 1106 980 1154 nactur
995 1090 1049 1162 eli.
1074 1091 1166 1173 quod
1184 1090 1284 1151 Bran·

240 1192 380 1261 chlorion
395 1191 416 1254 s.
432 1192 683 1265 Brancttadr‘on.
708 1194 757 1255 uti
773 1193 937 1255 Lutatium
953 1212 980 1255 c.
997 1191 1019 1254 l.
1041 1191 1197 1275 emendat
1213 1191 1284 1253 Bar·

241 1295 344 1371 phiua.
366 1296 573 1357 nominatum
587 1295 641 1358 ett.
675 1294 756 1357 lnde
771 1295 881 1374 patrio
897 1292 1041 1376 aequalis
1054 1293 1171 1354 honori
1180 1293 1283 1354 Bron-

112 1386 115 1393 ’
239 1396 321 1458 elms
339 1397 459 1460 Statius
481 1397 586 1460 Theb.
610 1409 642 1474 3.
664 1405 752 1475 473.
779 1392 820 1458 cf.
835 1407 869 1472 8,
891 1407 971 1475 ι98.
1024 1389 1180 1480 Succeffit
1199 1396 1231 1458 ei
1250 1396 1284 1456 in

240 1515 316 1561 cura
338 1513 371 1559 et
393 1495 587 1579 praefectura
607 1497 728 1559 oraculi
750 1497 935 1580 Euangelus
958 1508 990 1559 et
1015 1495 1097 1558 hinc·
1113 1497 1201 1579 apud
1223 1496 1283 1557 Mi·

237 1598 332 1661 lefioa
350 1596 413 1660 fuit
431 1593 521 1686 cippi)
545 1594 656 1684 γὲνρυς
675 1588 927 1681 Εὐαγγελιδῶν.
954 1597 1002 1658 uti
1016 1596 1060 1660 eil
1082 1598 1116 1657 in
1136 1597 1284 1662 Cononit

237 1715 354 1762 narrat.
381 1709 442 1778 44.
489 1698 672 1760 Branchum
692 1719 732 1760 ex
747 1699 892 1762 Mochaei
910 1698 1038 1787 posteris
1061 1710 1192 1760 tantum
1219 1718 1282 1762 ore·

167 1814 171 1827 ¹
239 1801 317 1861 culo
342 1797 523 1887 praesume.
557 1798 662 1860 scribit
684 1799 797 1864 Strabo
820 1815 855 1879 9.
882 1821 914 1882 p.
934 1796 1018 1879 apo.
1039 1797 1166 1878 [421.
1209 1799 1282 1863 Ora·

240 1900 352 1962 culum
374 1898 478 1983 ipsum
492 1921 509 1963 a
523 1902 634 1963 multia
651 1901 835 1983 celebratur.
872 1902 1028 1965 Vaticinir
1048 1901 1153 1964 edidit
1167 1904 1280 1967 mulier

238 1997 454 2092 xppoppiic.
493 2002 568 2065 telle
593 2002 769 2066 Iamblicho
794 2003 835 2065 ‹le
860 2002 986 2084 myster.
1006 2015 1037 2081 3.
1060 2023 1118 2066 rr.
1134 2025 1208 2089 pag.
1223 2013 1277 2085 74.

94 2130 99 2139 ’
235 2102 289 2169 Ex
312 2102 449 2167 Branchi
471 2104 665 2168 carminibus
685 2124 789 2166 uuum
812 2100 940 2166 versum
962 2101 1100 2167 servavit
1129 2105 1277 2170 Clemeoa

228 2203 331 2270 Alex.
367 2206 485 2267 Strorn.
510 2219 544 2283 5.
570 2227 603 2288 p.
629 2204 900 2285 57o.ed.Sy1b.
964 2205 1076 2268 Pluree
1103 2219 1218 2270 tamen
1242 2208 1275 2270 de

183 2318 184 2327 ’
237 2304 391 2390 Apolline
405 2309 440 2368 in
458 2307 648 2371 Branchidis
668 2306 829 2378 referunt.
855 2308 947 2368 cuiua
963 2309 1060 2369 etiam
1075 2306 1123 2369 ibi
1140 2329 1276 2372 aeneum

237 2404 440 2470 limulacrum
462 2406 568 2479 fuille.
593 2428 611 2471 a
631 2410 734 2471 Xerxe
754 2408 937 2491 abreptum.
963 2409 1133 2487 aSeleuco
1149 2410 1278 2475 Milesiis

108 2488 124 2548 ,¹
235 2509 416 2580 remilium.
438 2511 533 2571 tradit
548 2507 678 2573 Paulan.
695 2522 728 2589 8.
743 2511 803 2589 46,
819 2527 854 2574 2.
893 2510 978 2573 Hinc
992 2503 1068 2585 θεὸς
1089 2505 1107 2572 ὁ
1125 2507 1156 2575 ἐν
1173 2512 1278 2600 Bpup·

234 2607 350 2697 xlipor
372 2608 455 2692 apud
478 2611 636 2674 Herodot.
658 2632 688 2682 r.
710 2623 791 2689 157.
818 2626 852 2674 et
872 2605 939 2697 ἱρὸν
962 2606 993 2675 ἐν
1012 2610 1225 2699 Βραγχίδῃσι
1245 2626 1276 2692 5.

209 2704 299 2794 ‘'56.
334 2709 443 2775 croesi
459 2726 602 2793 tempore
619 2713 654 2774 in
670 2713 819 2775 Graeciae
838 2713 971 2776 cucutia
990 2713 1134 2785 valuille.
1161 2716 1277 2780 cunstat

236 2831 278 2875 ex
294 2812 409 2873 eodem
429 2831 459 2882 r.
474 2813 534 2893 46.
573 2812 697 2877 Pliniua
712 2829 746 2892 5.
764 2827 822 2893 31.
837 2813 858 2877 l.
871 2831 930 2893 29.
952 2813 1073 2876 Melam
1091 2814 1220 2881 secutue
1236 2820 1277 2881 iu

236 2911 350 2974 habet:
385 2913 546 2975 oraculum
571 2914 827 2976 Branchidarum
852 2914 1066 2995 adpellotum.
1097 2938 1185 2979 nunc
1215 2918 1278 2981 Dt-

236 3013 341 3097 dymet‘
360 3014 526 3094 Apollinis.
565 3014 678 3079 Strabo
695 3031 802 3078 autem
823 3026 877 3095 14.
898 3037 930 3098 p.
947 3019 1032 3098 436.
1051 3016 1071 3080 l.
1088 3019 1176 3098 654.
1199 3041 1277 3109 put·

234 3115 322 3182 reita
342 3128 435 3178 vocat
453 3111 514 3180 τοῦ
535 3111 700 3204 Διδυμὲως
721 3111 927 3207 Ἀπόλλωνος
949 3113 990 3182 τὸ
1010 3112 1041 3181 ἐν
1059 3118 1276 3206 Βραγχίδαις.

234 3219 282 3283 Et
299 3216 338 3280 fic
354 3235 467 3281 omnen
482 3216 688 3305 consentiunt
708 3221 744 3280 in
764 3220 893 3302 plurali.
924 3233 959 3283 et
972 3221 1061 3302 quorl
1082 3222 1277 3287 lamblichue

234 3319 320 3405 apud
336 3317 511 3383 stobaeum
526 3318 605 3383 lent.
615 3335 673 3400 79.
689 3340 720 3403 p.
731 3329 817 3404 471.
840 3315 870 3385 ἐν
884 3318 1058 3408 Βραγχίδη
1075 3317 1154 3399 θεὸς
1171 3325 1274 3396 habel.

235 3440 273 3487 ea
287 3423 327 3482 de
341 3417 428 3482 cansa
442 3435 627 3505 corruptum
643 3414 748 3485 censet
760 3421 941 3508 Welleling.
953 3425 991 3485 ad
1003 3424 1162 3490 Herodot.
1177 3447 1208 3498 r.
1218 3443 1272 3507 pa.

237 3525 273 3586 Si
294 3537 421 3584 auctore
439 3518 564 3594 Vollro.
597 3525 701 3586 dictur
725 3524 768 3587 est
788 3524 903 3608 Apollo
923 3518 1111 3612 Βραγχίδῃς
1133 3524 1156 3592 i.
1172 3529 1274 3617 Βραγ·

234 3616 371 3712 wilm.
403 3624 609 3699 etiamlllela
631 3620 670 3686 ab
693 3623 751 3687 usu
772 3626 969 3708 antiquitatie
989 3627 1130 3691 deflexit.
1174 3634 1217 3693 At
1235 3633 1275 3695 ita

233 3744 393 3807 unaquam
409 3726 593 3807 adpellatur.
619 3745 680 3791 nec
698 3727 736 3788 ab
755 3725 913 3814 sacerdote
930 3740 964 3791 et
979 3725 1138 3811 praefecto
1155 3733 1275 3795 oracuh

108 3824 117 3839 ‘
233 3827 276 3891 fic
294 3840 379 3889 recte
401 3827 549 3908 adpellari
575 3827 710 3910 potuilie
732 3829 869 3900 videtur.
922 3831 1031 3892 Immo
1050 3830 1073 3892 sr
1092 3850 1112 3893 a
1128 3831 1273 3899 Brancho

232 3947 355 3993 nornen
380 3927 582 3990 =deducamua
616 3929 736 3991 exsiliat
766 3931 875 4022 potina
904 3930 1101 4001 Branchus.
1136 3933 1188 3997 uti
1218 3954 1272 4018 pro

232 4022 364 4115 Βάκχιε
392 4029 427 4090 in
459 4028 582 4112 Orphei
611 4029 736 4127 hymno
758 4045 816 4112 53.
841 4047 875 4107 7.
907 4031 1045 4111 malebat
1068 4033 1270 4115 Thryllitiua.

231 4131 506 4200 eorumeorurn
524 4131 623 4215 tribui
633 4128 734 4218 ‚potiit
749 4133 888 4207 Branchi
904 4133 1037 4222 pullaria
1052 4150 1088 4203 et
1100 4141 1211 4227 genti.
1235 4138 1272 4205 ai
