2634 4716
151 310 156 322 ’
210 336 256 419 aa
487 344 649 402 noran
691 340 998 401 execarrcan
1116 416 1119 421 Ι

301 508 477 612 Isauri)
536 518 592 582 Gr.
619 511 778 605 Ἰσαυροὶ,
812 517 865 581 rel
891 517 986 579 etiam
1009 504 1183 599 Ἰσαὺρεῖς,
1215 516 1262 575 nti

226 622 309 703 apud
335 621 470 683 Diodor.
493 632 546 697 ι8.
567 637 625 683 ne.
661 634 695 681 et
715 622 770 702 qni
788 618 828 680 ad
848 619 1049 700 Stephanum
1070 636 1089 677 a
1111 614 1262 680 Berkelio
1309 686 1311 691 ,

172 723 179 735 “
222 742 259 808 p.
274 732 360 801 494.
386 724 577 785 indicantur.
616 723 718 805 Regio
733 711 873 813 Isauria.
893 720 979 781 unde
1000 714 1183 805 Ίσαυρῖτις,
1204 736 1264 781 mre
1304 706 1311 771 l

223 844 266 887 ex
288 846 328 886 ro
347 822 548 906 praefecturis
564 823 781 906 Cappadociae
795 824 877 891 armd
893 821 1040 885 Strabon.
1062 835 1118 883 ιο.
1136 840 1172 903 p.
1183 820 1263 898 363.

225 924 250 988 s.
268 938 352 1004 554.
380 925 434 987 etii
452 924 587 986 dubium
602 924 705 987 censet
721 923 938 987 Casaubonur.
986 922 1073 985 Hinc
1091 915 1267 1011 Ίσᾳυρικὸς

225 1047 265 1089 ex
284 1027 413 1088 Servilii
429 1028 623 1111 cognomine
644 1040 780 1096 notum,
807 1039 840 1088 et
856 1018 1019 1109 Ἰσαυρικὴ
1035 1025 1180 1107 regionie
1200 1042 1266 1107 part

226 1128 408 1206 Lycaoniae
424 1129 592 1190 adtributa.
616 1128 743 1213 (Strabo
764 1146 819 1190 ro.
834 1148 865 1211 p.
878 1142 962 1205 391.
981 1123 1002 1188 s.
1021 1121 1122 1205 568.)
1157 1124 1267 1189 lsaurit

224 1230 434 1313 contingebat
452 1231 654 1309 Lycaoniam,
670 1230 829 1300 Pisidiam,
846 1228 1009 1300 Ciliciam3
1032 1226 1159 1290 Pliniue
1174 1228 1265 1291 etiem

231 1344 265 1408 5,
285 1346 344 1406 23.
360 1330 382 1393 s.
395 1347 454 1404 27.
476 1333 642 1393 Anemurii
665 1333 796 1407 regione
811 1331 848 1391 arl
867 1351 952 1391 mare
969 1329 1137 1391 decurrere
1153 1326 1265 1402 scribit,

226 1446 262 1494 et
278 1431 392 1494 Strabo
410 1433 571 1514 posteriori
590 1434 661 1496 loco
675 1434 875 1496 monimenta
890 1450 1004 1513 eornm
1019 1432 1059 1491 ed
1079 1450 1169 1493 mere
1186 1450 1266 1495 coro·

146 1582 149 1593 .
226 1547 398 1596 memorat.
441 1534 544 1604 Prior,
568 1554 641 1596 cum
656 1537 868 1596 Anemurium
884 1533 1085 1595 adCiliciam
1101 1535 1266 1614 pertineat.

228 1634 272 1697 (le
291 1650 389 1696 terrae
404 1636 585 1697 declivitate
605 1636 742 1719 intelligi
760 1635 875 1717 potest,
900 1634 1052 1716 posteriue
1068 1635 1158 1696 varie
1175 1636 1267 1717 expli·

226 1751 325 1804 catur.
351 1737 391 1798 rle
405 1756 469 1818 quo
486 1736 526 1800 cs.
544 1738 640 1798 etiam
653 1736 767 1799 Cellar.
785 1751 818 1816 3,
835 1746 869 1814 4,
887 1750 945 1814 23.
980 1734 1054 1797 1²0st
1068 1732 1162 1798 sensu
1175 1738 1268 1799 maxi·

226 1856 283 1897 me
299 1839 388 1898 civili
405 1839 497 1900 latine
517 1840 631 1921 potnit.
656 1838 747 1917 (Viri.
763 1839 801 1898 ad
822 1839 960 1919 Eutrop.
975 1838 1008 1906 6.
1025 1839 1079 1915 3.)
1115 1838 1169 1900 De
1187 1836 1269 1900 urbi·

225 1934 291 2000 bue
314 1939 425 2000 Strabo
447 1953 480 2003 et
499 1940 640 2009 Pliniuo.
670 1939 809 2003 Ptolem.
835 1951 869 2017 5,
894 1948 930 2018 4.
960 1958 1096 2020 quarum
1118 1924 1270 2027 Ἴσιιυρι.

226 2034 306 2124 (τὰ,
326 2044 425 2103 rariue
437 2058 554 2125 genere
570 2039 739 2109 feminino.
762 2042 801 2103 de
817 2059 880 2122 quo
896 2039 1050 2123 Stephan.
1066 2052 1100 2101 et
1114 2038 1220 2105 Veles.
1235 2040 1271 2105 ri

227 2141 391 2206 Ammian.
414 2153 468 2221 ι4,
490 2156 524 2221 8.
540 2139 607 2227 in.)
629 2141 843 2211 celeberrima.
894 2142 1022 2203 Incolae
1042 2142 1222 2205 latrocinii·
1239 2152 1270 2205 et

224 2240 482 2307 infestationibue
496 2258 576 2307 terra
593 2246 735 2326 marique
747 2242 837 2307 sectio
850 2245 933 2313 noti,
952 2263 969 2303 a
985 2242 1124 2304 Servilio
1142 2244 1269 2317 domiti.

224 2346 282 2407 etii
299 2366 358 2407 nec
380 2347 484 2428 possea
503 2346 542 2408 ab
562 2348 601 2409 iia
617 2345 762 2409 moribus
781 2365 837 2409 eoa
851 2342 1011 2406 descivisse
1034 2356 1122 2426 patet
1142 2364 1185 2406 ex
1202 2348 1271 2408 Arn-

225 2449 337 2507 miano
361 2460 413 2524 ι4.
435 2466 465 2509 o.
488 2464 521 2509 et
542 2463 598 2520 27,
617 2466 650 2526 9.
686 2449 759 2509 Virl.
775 2447 929 2509 Bandurii
946 2458 1122 2510 comment.
1138 2446 1177 2508 in
1193 2447 1291 2529 anti-l

223 2548 308 2627 quit.
326 2547 527 2612 Corrllantin.
543 2547 600 2612 lib.
618 2563 652 2624 7.
674 2569 707 2631 p.
722 2549 807 2626 608.
831 2548 952 2628 (Ven.)

302 2746 438 2830 Lydi)
488 2750 544 2812 Gr.
569 2739 686 2820 nitor.
712 2741 939 2814 nnderlrlsror.
987 2751 1193 2817 Hincetiam
1212 2750 1270 2815 llo·

227 2844 333 2920 δαῖος,
357 2848 580 2935 (Stephanus)
602 2850 625 2913 s.
645 2841 792 2931 Λύδειος,
814 2854 898 2912 utin
912 2849 1083 2931 Hesychio.
1119 2846 1267 2917 Aobrerrri

225 2949 387 3032 scripserat
406 2951 560 3021 Xanthus.
582 2954 794 3035 (Stephanae.
809 2956 877 3030 -)
902 2952 957 3014 etsr
972 2942 1076 3016 Λύδια
1094 2958 1195 3017 etiarn
1214 2974 1267 3017 vo·

225 3067 319 3122 cant,
346 3053 385 3113 rle
400 3073 465 3134 qno
483 3054 522 3114 ad
539 3054 684 3117 strabon.
708 3072 762 3115 12.
778 3074 811 3135 p.
829 3069 913 3135 399.
932 3054 952 3116 s.
968 3068 1053 3134 579.
1087 3055 1179 3118 Olim
1192 3054 1265 3119 dici

225 3148 357 3240 Μῄονες
370 3156 422 3215 vel
441 3151 598 3235 Malaver,
623 3155 801 3237 (Herodot.
823 3177 851 3226 ι,
868 3173 902 3235 7.
930 3171 963 3230 7,
982 3169 1040 3235 74.
1076 3157 1192 3223 Strabo
1212 3168 1263 3239 15·

223 3272 260 3338 p.
284 3270 370 3335 450.
395 3254 416 3318 l.
442 3258 527 3333 625.
564 3257 699 3317 Diodor.
720 3266 755 3333 4,
781 3270 840 3334 8ι.
863 3252 936 3335 alii)
971 3278 1051 3339 quoa
1071 3256 1154 3321 soloe
1175 3262 1266 3323 norit

224 3356 401 3419 Homerus.
429 3355 572 3431 Meliore
587 3357 767 3439 posterioris
782 3362 890 3419 aetatis
905 3356 1040 3420 sormam
1055 3360 1132 3422 dicit
1143 3358 1264 3433 sorbo.

223 3477 306 3541 qnae
326 3459 422 3518 etiam
439 3459 566 3540 adparet
588 3461 622 3518 in
646 3461 768 3529 numia,
791 3459 844 3520 etsr
861 3462 956 3542 prior.
983 3463 1084 3531 Ionia,
1108 3465 1209 3527 etiam
1223 3482 1266 3525 re·

226 3563 350 3643 peritur
365 3572 489 3641 praeter
510 3573 621 3642 poetae
643 3561 677 3619 in
698 3561 851 3639 Dionysio
870 3562 971 3625 Halic.
993 3583 1021 3630 r.
1042 3577 1100 3636 27.
1154 3564 1265 3648 Neque

222 3677 332 3725 tamen
350 3661 428 3720 olim
444 3681 556 3722 omnes
572 3663 606 3721 in
625 3661 684 3723 hac
703 3661 888 3741 synonymia
904 3662 1140 3735 consenserunt.
1163 3668 1214 3728 nti
1228 3684 1266 3729 ex

223 3761 391 3829 Strabonis
412 3763 577 3842 posteriori
603 3764 673 3824 loco
691 3762 838 3832 discitur.
869 3777 901 3824 et
921 3780 1085 3828 anctorum
1104 3767 1176 3832 loce
1195 3786 1266 3852 pre·

222 3864 310 3957 bant.
345 3865 386 3926 cle
411 3885 477 3944 qno
502 3865 541 3925 ad
566 3864 768 3927 Strabonem.
822 3865 920 3927 Multi
945 3881 1061 3937 tamen,
1091 3868 1128 3931 in
1153 3870 1266 3954 priml!

222 3980 355 4047 poetae,
390 3964 572 4045 promiscuo
595 3962 681 4025 sensu
707 3980 845 4047 pontmt.
897 3967 1099 4030 Ptolemaeus
1115 3981 1150 4048 5,
1178 3990 1210 4036 o.
1232 3982 1265 4035 et

224 4068 395 4152 coniungit
418 4080 452 4128 et
478 4065 618 4140 dirimit,
653 4067 693 4128 lic
719 4081 755 4128 ut
783 4069 950 4133 Maeoniae
983 4073 1062 4135 sines
1087 4072 1264 4143 contrahet.
