2634 4716
91 424 169 497 ‘aa
397 412 558 477 norae
598 412 904 473 exneuatcte

132 591 333 677 peculiariter
359 588 460 659 dicta,
493 590 534 650 rie
560 607 623 671 qua
647 587 771 671 prolixe
804 584 948 647 disseruit
977 584 1109 649 Salmas.
1134 585 1172 649 nt

130 697 233 760 Solin.
257 715 284 755 c.
310 708 368 755 or.
392 689 415 754 s.
441 701 498 767 94.
523 710 555 771 p.
582 709 626 751 m.
654 704 722 763 172
744 687 785 769 [q.
838 688 924 759 ntia.
958 688 1061 750 veluti
1082 679 1172 779 inser,

132 796 235 867 mdo,
261 789 408 884 suphian
432 788 541 874 paffim
573 802 806 853 commemorat
837 790 960 851 l'iiniua
991 808 1072 851 outn-
1094 791 1170 853 aliie.

133 901 184 961 De
203 898 333 959 iliorum
352 893 442 953 cultu
459 906 491 953 et
510 892 623 954 vestitu
639 888 680 954 ei.
696 891 846 973 Xenoph.
861 893 894 951 in
912 890 1036 974 Cyrop.
1052 911 1084 961 t.
1094 904 1129 971 3,
1140 906 1171 955 a.

133 1014 168 1065 et
184 999 230 1057 ibi
251 995 403 1059 Zeunine.
447 994 529 1055 Urbe
542 996 687 1077 primarie
702 991 764 1056 iuit
779 990 961 1062 nauatam.
987 992 1172 1065 Medorum.

26 1096 31 1103 “
132 1099 298 1185 Ratiatum
321 1098 417 1182 regia.
444 1100 454 1165 i
467 1096 580 1159 Strabo
600 1114 655 1158 tt.
678 1114 711 1175 p.
731 1096 814 1173 360.
839 1092 985 1177 Meo.)
1023 1094 1111 1157 Aliae
1129 1112 1173 1156 re

133 1199 263 1263 censent
277 1198 362 1260 Plin.
385 1198 417 1269 6,
443 1211 497 1273 17.
514 1195 535 1259 i.
557 1205 612 1274 ι4.
643 1197 888 1259 l'tolemaeuec.
909 1196 931 1257 l.
957 1208 990 1257 et
1013 1198 1171 1259 recentio-

132 1323 182 1366 rea
206 1298 404 1383 Geographi,
442 1311 540 1380 prout
570 1298 623 1357 vel
652 1296 799 1380 angustos
831 1297 885 1360 vel
910 1297 991 1359 latos
1017 1300 1173 1361 terminet

134 1402 351 1470 constituerit,
383 1399 440 1461 ubi
460 1397 538 1460 Irak
560 1389 728 1490 Adselterni
750 1398 803 1459 vel
826 1400 905 1459 Iran
926 1390 1170 1489 Ambidshian,

137 1504 236 1567 Giian
249 1516 283 1563 et
302 1498 527 1569 Maeanderon
548 1520 586 1561 en
603 1512 691 1581 parte
710 1499 910 1561 occidentali.
950 1496 1002 1562 cf.
1022 1498 1173 1565 Mennett

135 1606 253 1689 Geogr.
270 1606 311 1664 T.
327 1613 367 1679 5:
385 1624 418 1685 p.
440 1612 521 1679 115.
574 1603 624 1663 De
639 1601 798 1663 Annnriir
818 1601 887 1663 vid.
907 1601 945 1662 ad
962 1613 995 1679 5,
1016 1611 1051 1679 a,
1071 1614 1107 1680 5.
1133 1602 1172 1663 de

137 1704 359 1787 Commagenis
373 1703 412 1765 ad
435 1723 463 1773 ι,
485 1722 541 1765 ιι.
554 1703 599 1765 in.
626 1703 666 1765 de
682 1699 820 1765 obscuris
836 1702 1005 1765 Mmant's
1019 1716 1093 1767 not.
1106 1705 1174 1769 orit·

211 1905 248 1971 V
251 1904 383 1987 eneti)
434 1904 491 1969 Gr.
513 1900 656 1977 ‘anroi.
688 1923 770 1987 quoa
793 1919 826 1968 et
846 1919 980 1969 noverat
999 1908 1173 1975 Homerus.

133 2010 208 2072 vid.
227 2009 263 2071 ii.
282 2024 314 2079 o,
334 2018 420 2085 852.
454 2006 597 2069 Henetos
618 2021 713 2070 vocat
737 2006 848 2089 Nepos
868 2010 952 2090 apud
975 2009 1060 2073 Plin.
1085 2012 1120 2084 6,
1144 2028 1175 2077 n.

134 2127 168 2175 et
184 2113 256 2176 Liv.
280 2132 306 2179 ι,
335 2129 363 2180 ι,
388 2122 420 2187 3.
472 2108 552 2171 Inde
570 2104 728 2184 Ἕνετὶδες
749 2106 844 2173 ἵπποι
865 2111 951 2192 apud
972 2112 1175 2194 Stephanum

134 2212 168 2279 h.
186 2234 219 2276 v.
250 2206 413 2283 Ἐνετικὸς
432 2211 519 2293 apud
542 2211 689 2274 strabon.
714 2222 748 2287 5.
772 2232 803 2291 p.
826 2222 906 2291 14⁶¹.
930 2208 950 2273 i.
969 2230 1053 2277 ore.
1093 2211 1175 2289 ‘Epe-

132 2311 223 2401 τήϊος
247 2309 372 2397 Πέλοψ
398 2312 482 2393 apud
509 2311 681 2394 Appollon.
705 2312 816 2376 Rhod.
839 2329 870 2383 ε,
895 2324 979 2392 558.
1032 2316 1086 2379 De
1109 2312 1175 2401 ipio

132 2416 268 2479 nomine
289 2415 356 2476 vid.
379 2412 616 2475 Freinshemius
639 2416 678 2476 ad
700 2414 794 2491 curt.
820 2426 852 2492 3,
879 2434 908 2485 t,
932 2432 989 2475 oo.
1015 2415 1077 2477 ubi
1101 2416 1178 2481 addi

133 2516 253 2601 potess,
278 2514 361 2597 quast
379 2508 497 2578 einero}
519 2516 667 2597 explicari
685 2517 862 2577 aDiacono
881 2516 921 2578 de
941 2516 1034 2600 gestie
1049 2518 1175 2605 Lango-

131 2616 258 2679 bardor.
285 2631 319 2685 α,
351 2634 404 2676 ιο.
457 2616 541 2676 Ante
566 2617 703 2677 Troiana
731 2630 875 2698 tempora
904 2618 1082 2682 Cttuconen¹¹
1098 2620 1175 2683 niort

133 2715 429 2780 secundumSchol.
441 2715 608 2796 Apollonii
622 2717 659 2777 ad
673 2736 699 2777 c.
714 2717 735 2779 l.
754 2718 879 2779 Eorum
895 2717 982 2781 sedes
999 2734 1172 2801 praeeunte

75 2848 81 2865 =
132 2819 279 2882 Homero
305 2832 429 2878 taurum
451 2836 519 2878 non
549 2836 663 2879 omnen
683 2819 718 2878 in
742 2818 956 2904 Paphlagonia
980 2822 1034 2883 vel
1055 2824 1172 2885 vicinia

131 2933 278 3004 ponunt;
319 2918 339 2977 st
365 2919 433 2979 loca
455 2916 592 2999 spectet.
622 2918 662 2980 ad
691 2919 887 2991 cromnam.
918 2921 1050 3005 (Nepos
1074 2944 1103 2987 o.
1129 2920 1172 3009 1.)

131 3023 212 3084 ultra
233 3020 443 3084 Parthenium
462 3017 495 3081 ft.
517 3021 555 3080 ad
583 3021 754 3101 Cytorum.
785 3023 917 3099 (Strabo
938 3039 992 3085 to.
1022 3046 1057 3107 p.
1086 3038 1169 3105 574.

131 3123 153 3187 i.
171 3124 276 3204 542.)
325 3122 418 3183 idem
441 3123 623 3204 primariam
643 3122 885 3206 Paphlagonum
910 3138 1043 3208 gentem
1067 3140 1170 3199 vocat,

129 3240 163 3288 et
184 3227 225 3288 de
242 3225 373 3286 illorum
397 3221 523 3292 sedibus
542 3225 630 3306 plura
654 3244 693 3285 ex
716 3225 786 3285 aliie
810 3226 906 3287 etiarn
928 3223 1047 3289 adfert:
1090 3228 1170 3293 lune

130 3345 208 3389 vero
230 3327 303 3387 aliae
325 3339 419 3386 terrae
446 3328 627 3408 petierunt,
658 3339 692 3387 et
713 3326 753 3386 fic
772 3326 985 3389 inveniuntur
1005 3328 1178 3395 Antenore·

131 3428 267 3489 ducein
291 3425 442 3497 Thracia.
471 3436 478 3480 ί
491 3427 604 3490 Strabo
631 3445 686 3491 to.
710 3447 743 3509 p.
770 3438 852 3506 574.
877 3427 898 3492 i.
921 3440 1006 3509 543.
1032 3430 1090 3495 iih.
1112 3444 1166 3512 15.

129 3549 162 3612 p.
179 3540 264 3607 418.
281 3526 301 3589 i.
320 3528 427 3612 603.)
452 3523 486 3588 in
505 3528 623 3590 Moesta
640 3547 741 3613 prope
762 3529 929 3601 Triballoe,
949 3531 1115 3611 (Eussath.
1129 3530 1167 3595 eti

129 3630 266 3693 Homer.
282 3649 309 3692 c.
327 3630 348 3690 l.
367 3648 405 3689 ex
420 3629 530 3690 codice
545 3630 709 3712 Stephani,
733 3631 789 3711 qni
805 3632 881 3693 inde
895 3630 1035 3715 subpleri
1049 3626 1167 3717 potest)

127 3730 164 3793 in
180 3730 320 3810 Illyrico,
341 3731 520 3808 (Herodot.
544 3752 572 3802 a,
595 3733 676 3810 196.
704 3743 790 3793 etex
811 3752 851 3795 eo
867 3720 1005 3796 maxime
1024 3734 1192 3807 Eudemi,

127 3828 180 3896 de'
204 3833 301 3915 primi
324 3831 471 3894 abitatori
500 3832 573 3894 dell’
595 3832 701 3903 ltalia.
732 3828 863 3895 articola
890 3854 946 3899 ιο.
977 3856 1010 3918 p.
1036 3835 1169 3919 1961q.

126 3932 180 3999 cf.
207 3935 322 4013 Heyne
345 3933 383 3993 acl
408 3934 518 4017 Virgil.
542 3935 623 3997 Aen.
653 3954 682 4004 ι,
710 3936 813 4013 243.)
845 3937 884 3997 ad
909 3936 1011 3999 finum
1035 3939 1168 4001 lonium

125 4033 237 4098 verine
253 4036 375 4097 ltaliam
398 4035 650 4115 (Chalcondylaa
668 4056 700 4119 p.
715 4053 777 4115 99.
803 4038 876 4099 vid.
893 4038 1032 4102 Stritter.
1048 4041 1084 4101 in
1101 4058 1174 4103 me·-

126 4137 240 4202 moriit
260 4137 460 4223 populorum
476 4170 528 4187 -·
547 4139 588 4200 Τ.
617 4158 647 4203 a.
667 4157 702 4223 p.
721 4139 828 4219 552.)
857 4139 960 4204 donec
978 4138 1014 4203 in
1038 4142 1166 4212 Hadria.
