2634 4716
281 349 335 408 112
364 350 500 411 eona.
530 351 637 409 unt.
679 353 761 420 nr,
804 354 837 411 c.
859 354 899 413 11.
939 354 1017 425 cr.
1129 346 1171 431 69

120 502 204 597 nbi,
221 523 310 586 ¹riuru
330 524 503 587 Alexandri
523 527 764 608 expeditionem
787 525 950 600 describit,
983 526 1024 589 ab
1045 526 1170 589 Arianis

125 625 169 689 ati
193 627 341 710 Drangae
363 647 440 688 eum
465 627 583 690 veniffe
603 632 727 700 narrat,
760 648 840 721 qraoc
865 630 942 693 alias
966 624 1020 690 sub
1045 626 1171 691 'Arianie

122 728 369 810 complectitur,
394 741 427 789 et
440 731 547 810 paullo
563 744 637 793 ante
653 731 733 793 Ariie
747 734 966 795 conterminos
980 729 1066 794 iacit.
1105 729 1168 790 Alii
1280 776 1296 799 „

121 831 235 901 enirn,
268 831 324 912 qui
353 830 441 892 idern
466 832 527 907 iter
552 832 749 905 describunt,
780 835 873 895 Arion
897 834 1087 902 nominant,
1120 830 1170 890 uti

123 933 256 995 Antan.
275 946 308 1012 3,
325 943 384 1010 25.
402 952 429 995 c.
443 932 466 996 l.
494 935 627 997 Curtius
643 937 676 1005 6,
693 937 727 999 6.
753 934 890 998 Diodor.
907 951 961 1012 17,
980 930 1038 1012 73.
1059 932 1169 993 ficum
1255 958 1260 967 ·

122 1032 265 1097 Arriano
291 1052 467 1116 comparea.
517 1037 570 1099 Sic
595 1038 774 1099 Artacoana
798 1037 880 1101 Ariia
907 1037 1020 1097 tribuit
1042 1035 1175 1097 ernau.

125 1146 162 1223 3,
182 1148 244 1212 25.
275 1135 401 1197 Arianis
415 1137 500 1198 Plio.
519 1139 552 1207 6,
571 1151 627 1216 25.
646 1138 667 1201 i.
684 1152 743 1217 23.
769 1139 855 1219 quod
876 1152 909 1200 et
929 1135 1114 1201 observatur
1132 1136 1169 1195 in

122 1236 204 1317 Ari-o
220 1234 258 1299 il.
296 1237 368 1299 viu.
386 1237 517 1300 Salmas.
534 1241 573 1301 ad
590 1241 692 1303 Solia.
709 1252 813 1318 c.·55.
826 1227 916 1319 [¹5ss.
933 1263 966 1323 p.
985 1259 1029 1302 m.
1040 1248 1113 1320 845
1126 1234 1168 1318 tq.

122 1336 221 1400 Arioe
247 1351 355 1400 autem
379 1337 468 1400 sensu
490 1342 663 1427 angustiori
683 1356 810 1424 ponunt
825 1342 960 1405 Diodor.
984 1351 1087 1418 18,3,
1107 1352 1166 1417 39.

122 1452 160 1501 et
189 1438 300 1502 lustin.
328 1453 382 1519 13,
406 1452 441 1520 4,
466 1457 526 1506 22.
560 1444 594 1504 in
627 1445 783 1506 divisione
812 1445 904 1529 regni
935 1442 1004 1524 post
1033 1441 1168 1504 Alexan·

121 1541 224 1611 arum
245 1540 294 1604 M.
343 1541 501 1605 Posterior
524 1547 636 1626 utique
664 1559 750 1608 aetas
778 1544 877 1607 [olam
905 1545 1012 1609 Ariarn
1039 1543 1169 1603 videtur

121 1640 267 1712 noviffe.
303 1644 423 1726 quippe
444 1664 542 1725 quarn
566 1645 665 1708 [olam
688 1646 810 1708 habent
826 1646 1031 1708 Ptolemaeus
1048 1644 1081 1714 6,
1111 1655 1167 1716 ι7.

120 1734 161 1807 οἱ
177 1744 372 1807 Ammianus
389 1759 447 1821 25,
466 1749 500 1811 6.
526 1747 582 1808 etsi
602 1748 655 1809 iric
679 1749 799 1810 incolae
818 1761 915 1810 vocat
929 1747 1074 1816 Arianos,
1099 1762 1169 1805 non
1243 1804 1248 1812 ,

122 1846 230 1910 Ariot.
257 1845 389 1926 Proprie
405 1862 524 1915 tamen.
547 1862 583 1909 ut
598 1849 669 1912 satie
685 1850 795 1912 docuit
809 1844 944 1912 Voffiur.
967 1847 1066 1932 Quod
1081 1845 1170 1907 Aria·

121 1966 205 2010 nam
219 1957 252 2008 'et
267 1944 374 2009 latiori
389 1945 477 2009 sensu
492 1953 629 2012 eandem
643 1950 702 2012 effe
718 1964 810 2033 potat
821 1950 979 2037 Upbagen
993 1951 1027 2010 in
1044 1965 1169 2041 parerg.

122 2046 236 2121 bilior.
255 2068 289 2130 p.
311 2057 379 2127 ¹42
396 2047 437 2131 [q.
464 2070 545 2132 qnae
568 2053 604 2114 fit
625 2053 718 2123 Aria,
751 2053 894 2115 strictiori
920 2048 1008 2115 sensu
1033 2066 1170 2131 parvam

120 2160 257 2215 aarum
278 2151 456 2234 regionem,
481 2152 600 2215 Persidi
616 2166 649 2216 et
665 2152 858 2217 Carmaniae
880 2154 1035 2222 iunctam,
1060 2153 1092 2213 h.
1115 2150 1170 2211 Ar·

123 2253 228 2337 gina..
246 2270 361 2333 parurn
381 2252 457 2313 hinc
475 2252 517 2314 est
538 2254 715 2335 probabile.
765 2256 806 2317 At
825 2254 911 2316 Mela
932 2254 1068 2315 Arianae
1089 2253 1169 2313 tinea

127 2351 305 2424 tenuabit,
332 2353 411 2414 dum
433 2354 582 2438 regiones
602 2353 746 2425 subiicit,
773 2356 906 2437 quaein
928 2354 980 2415 iila
1003 2353 1170 2416 coutinen-
1218 2420 1221 2427 ,

125 2466 196 2541 ως,
220 2453 336 2538 dequo
354 2454 420 2516 vid.
436 2469 505 2517 not.
520 2456 589 2519 crit.
627 2457 786 2518 Dicuntur
801 2469 910 2537 autern
931 2456 1004 2516 iliae
1019 2449 1169 2538 regiones

124 2554 186 2621 Gr.
207 2549 334 2642 'Aptcviy
357 2570 390 2617 et
409 2548 522 2645 Ἄρειοι
542 2559 596 2621 vel
615 2555 717 2645 Ἀρία.
767 2556 854 2620 Hinc
876 2551 1025 2644 Ἀριανοί,
1051 2555 1168 2636 poetic,
1226 2602 1230 2621 .

120 2669 164 2719 nt
187 2656 344 2737 Dionysro
365 2677 397 2718 v.
416 2669 501 2738 714.
524 2673 557 2721 et
584 2651 864 2747 1098.'Apujvoi,
898 2669 930 2719 et
952 2657 1028 2719 binc
1050 2656 1166 2719 Avien.

121 2778 161 2822 v.
178 2769 266 2837 895.
287 2759 402 2821 Arimi.
448 2758 575 2845 Geogr.
590 2763 740 2824 Ravenn.
764 2776 796 2832 2,
819 2770 853 2840 4.
877 2754 992 2822 Ariiui.
1029 2757 1076 2820 Ab
1094 2758 1169 2820 Aria

123 2860 281 2923 dicuntur
301 2857 386 2930 Arii,
420 2861 456 2921 in
478 2861 608 2926 Graecia
629 2864 729 2925 modo
751 2881 806 2944 per
829 2885 856 2927 u
876 2844 978 2923 modo
995 2879 1052 2942 per
1071 2881 1097 2932 a,
1131 2870 1169 2919 ut

121 2946 195 3045 ipsa
209 2962 316 3045 regio,
341 2980 401 3023 nec
418 2961 474 3023 fibi
493 2963 637 3027 constant
654 2976 798 3025 auctores
812 2963 889 3024 editi
906 2964 939 3022 in
956 2962 1069 3022 iisdem
1085 2952 1168 3021 adeo

124 3061 341 3127 editionibus.
383 3060 435 3126 cf.
454 3063 613 3145 Herodot.
631 3079 663 3145 5,
678 3079 738 3144 93.
766 3078 799 3139 7,
818 3064 877 3127 62.
892 3077 923 3124 et
940 3063 998 3138 65.
1016 3060 1170 3140 (Weffel.)

125 3164 268 3239 Diodor.
284 3165 348 3226 Sic.
370 3175 423 3242 18,
441 3179 479 3255 5.
500 3178 533 3244 5,
552 3181 612 3246 39.
645 3167 692 3227 Ab
706 3157 825 3251 'Apatna
848 3166 980 3225 ductum
995 3163 1068 3224 Arei
1082 3162 1168 3244 apud

125 3265 242 3329 lustin.
265 3279 318 3341 13,
334 3275 368 3345 4,
385 3281 444 3329 22.
471 3269 557 3349 quod
578 3281 609 3329 et
631 3264 815 3350 praeferunt
831 3265 923 3327 MSS.
940 3277 1076 3326 notante
1091 3263 1170 3326 Gro-

124 3368 234 3430 novio
254 3376 314 3447 41,
341 3390 370 3439 r,
398 3387 452 3431 ιο.
507 3368 654 3430 Vfitatins
678 3380 787 3430 tamen
808 3367 843 3427 in
863 3367 933 3429 aliie
955 3365 1071 3450 legitur
1090 3366 1170 3429 Arii.

124 3460 248 3556 ’Δριεός
269 3468 308 3528 ab
325 3469 398 3530 Aria
423 3481 516 3530 notat
539 3490 577 3531 ex
600 3470 767 3530 Hellanico
792 3468 972 3550 Sephanue.
1017 3466 1066 3530 ab
1087 3467 1172 3529 Ariie
1241 3492 1247 3497 ·

127 3584 242 3633 autem
257 3568 446 3633 descendiiie
461 3571 612 3633 videatur
622 3573 741 3638 Ariani,
765 3571 815 3630 uti
831 3589 849 3630 a
864 3569 991 3653 Sogdiie
1005 3569 1170 3652 Sogdiani,

127 3690 151 3734 a
172 3672 308 3734 Bactriie
329 3671 490 3733 Bactriani
515 3685 547 3733 et
570 3672 609 3733 fic
634 3674 665 3732 in
685 3667 772 3743 aliie,
797 3672 885 3754 quod
906 3671 992 3733 valet
1010 3671 1049 3730 ad
1074 3666 1172 3734 Voffii

126 3776 259 3837 hotam.
308 3775 388 3835 Aria
409 3775 575 3834 nominata
592 3774 631 3833 ab
650 3775 735 3836 Ario.
770 3773 914 3854 (Atrian.
935 3772 975 3831 de
991 3792 1063 3851 exp.
1082 3782 1117 3850 4,
1136 3773 1170 3836 6.

128 3888 228 3937 etex
249 3892 288 3936 eo
305 3874 446 3937 Eustatb.
468 3876 508 3936 ad
525 3874 658 3956 Dionys.
674 3896 706 3937 v.
728 3871 854 3955 ¹098·)
892 3871 996 3956 Ipsam
1017 3874 1171 3935 arianam

127 3972 312 4039 ambustam
327 3973 508 4039 fervoribus
529 3975 719 4058 desertisque
742 3974 972 4039 circumdatam
994 3976 1070 4036 dicit
1078 3976 1171 4051 ⁴Plin.

112 4079 167 4156 -6,
187 4062 249 4158 2¹5.
266 4075 290 4140 t
307 4091 366 4157 23.
391 4079 477 4143 male
493 4079 613 4143 cultam
625 4079 668 4145 ub
683 4076 740 4142 toti
754 4077 1116 4166 malignitatemstrabo
1135 4094 1172 4143 2.
