2634 4716
213 412 275 485 290
425 414 435 433 ·-
465 396 646 488 noran
681 366 1006 493 exnonrrca'n·

214 580 255 643 ad
268 574 415 642 occasum
429 574 618 661 progressus.
658 571 710 639 Οἱ.
728 575 822 636 etiam
839 574 976 637 Larcber
992 572 1030 635 'ad
1046 568 1203 635 Herodot.
1218 581 1254 640 e,

220 691 302 758 143.
333 680 430 740 Tum.
451 695 483 740 2.
506 698 537 759 p.
555 697 599 739 m.
614 686 689 754 474
705 674 767 758 sqq.
799 677 855 757 qui
878 675 1022 758 pluribus
1042 669 1255 759 argumentis,

214 783 354 846 eundem
368 779 409 860 alr
423 779 604 841 auctoribus
625 778 778 862 intelligi.
804 779 919 848 evicit,
944 793 1111 857 unumque
1127 787 1255 835 tantum

215 886 251 946 in
266 884 412 966 Aegypto
427 867 517 942 suillb
531 880 652 942 docuit.
685 878 796 962 Qualia
811 879 907 942 bodie
923 869 1144 960 conspiciatur.
1162 888 1254 936 enar·

214 999 286 1048 rant
300 985 399 1044 Lucae
412 1001 534 1064 voyage
552 978 607 1043 sait
622 1001 662 1042 en
680 992 786 1059 ¹7¹4·
800 981 841 1044 T.
853 995 886 1044 e.
899 1002 932 1063 p.
949 992 991 1058 1ss
1009 978 1051 1061 sq.
1076 990 1109 1039 et
1126 994 1254 1059 voyage

101 1074 110 1093 '
214 1088 293 1169 dane
306 1087 334 1145 la
347 1084 488 1163 Turqtrie
503 1084 599 1145 Tum.
616 1097 649 1145 2.
667 1102 699 1164 p.
711 1097 782 1161 259
800 1080 841 1162 sq.
867 1084 936 1154 267
951 1080 1015 1163 sqq.
1041 1100 1079 1143 ex
1093 1097 1161 1162 quo
1177 1096 1256 1139 curn

215 1188 326 1273 ligurit
341 1183 517 1267 expressum
535 1184 624 1243 dedit
637 1181 848 1245 Montsaucon
870 1185 903 1243 in
924 1181 1124 1266 supplement
1141 1208 1190 1222 -
1211 1179 1255 1242 de

205 1285 393 1368 'l'antiqoitd
410 1280 575 1367 explique'e
596 1286 635 1350 T.
651 1299 683 1364 3.
696 1306 729 1367 p.
746 1295 816 1367 144
830 1282 892 1368 sqq.
920 1286 997 1345 item
1014 1282 1162 1344 l'ococlte
1177 1280 1255 1344 liei·

215 1389 272 1451 sen
293 1390 333 1451 T.
355 1407 385 1451 t.
407 1408 442 1470 p.
460 1400 507 1466 93
525 1386 587 1468 sqq.
621 1385 677 1447 etsi
697 1387 793 1449 alieni
811 1388 922 1468 potine
944 1387 1048 1469 operit
1063 1386 1176 1445 rudera
1198 1385 1253 1444 de·

216 1489 332 1561 scribit,
359 1490 474 1566 Savary
489 1491 530 1550 T.
548 1503 581 1549 e.
604 1507 637 1568 p.
661 1498 713 1564 ιδ.
736 1488 862 1567 aliique.
914 1489 994 1549 Eiua
1011 1486 1108 1549 hodie
1124 1483 1255 1569 uestigia

185 1664 190 1669 Ι
216 1590 367 1673 superesse
389 1604 484 1673 negat
509 1587 647 1655 Maillet.
679 1589 731 1649 alii
750 1589 830 1650 adeo
850 1587 1047 1658 describunt.
1080 1590 1114 1649 in
1138 1591 1254 1671 primia

215 1694 333 1763 Lucae,
366 1694 422 1771 qni
442 1687 506 1768 ipse
528 1692 700 1750 accuratior
722 1690 766 1750 fili
788 1708 850 1770 ope
872 1689 1084 1772 perlustravit,
1112 1701 1152 1749 ut
1172 1687 1255 1750 olim

215 1795 409 1860 Herodotus,
432 1807 569 1870 eumque
585 1803 618 1849 et
631 1778 820 1852 Strabonem
839 1810 913 1852 vera
927 1790 1082 1853 tradidisse
1098 1790 1254 1862 adfirmat.

216 1893 302 1957 secus
318 1890 478 1958 Plinium.
510 1891 566 1971 qni
587 1893 621 1949 in
642 1893 712 1951 lacu
726 1902 844 1972 ponat,
871 1911 945 1953 cum
964 1892 1039 1955 satur
1053 1892 1090 1952 sit
1107 1893 1145 1953 ad
1163 1891 1253 1954 Moe·

115 2026 129 2041 ⁹
214 1996 292 2058 ridie
306 2006 426 2075 partem
443 1991 695 2062 meridionalem.
720 2011 764 2056 ro
781 1992 1011 2059 miliariburab
1026 1993 1168 2056 Arsinoe.
1207 1993 1255 2057 lte

214 2096 346 2179 quidem
379 2093 565 2154 Herodotus
591 2093 738 2155 conlocat
761 2095 799 2155 ad
824 2095 931 2155 lacnm
959 2094 1115 2158 Moeridis
1143 2092 1254 2158 ‚vastia

215 2195 462 2262 crocodilorum
477 2193 608 2265 orbern,
634 2215 712 2276 quae
734 2194 803 2277 post
822 2209 935 2259 vocate
952 2195 996 2259 est
1010 2197 1150 2260 Arsinoe.
1188 2196 1253 2260 Ne·

214 2319 276 2383 que
293 2299 346 2358 hic
360 2308 480 2380 pugnat
493 2315 566 2356 cum
580 2297 757 2367 Strabone,
786 2299 903 2380 quippe
918 2290 975 2380 qui
993 2299 1033 2359 ad
1050 2318 1121 2360 eam
1137 2297 1253 2360 urbem

220 2420 264 2462 ro
286 2399 389 2460 stadiis
411 2417 428 2456 a
454 2396 636 2474 labyrintho
662 2399 804 2482 navigari
831 2399 894 2470 ait,
932 2419 1034 2481 quum
1066 2400 1253 2464 Herodoto·

214 2503 351 2566 omnino
381 2499 565 2578 praecipuae
599 2497 686 2560 urbis
717 2500 871 2560 viciniam
904 2500 1070 2564 indicavit.
1127 2502 1253 2567 Plinio·

213 2604 306 2685 ponit
321 2600 355 2659 in
370 2596 624 2679 Heracleopolite
641 2617 753 2661 nomo.
789 2601 888 2684 Quod
902 2612 1009 2663 autern
1026 2601 1122 2664 tradit
1138 2602 1250 2674 Lucae,

212 2712 345 2764 manent
359 2699 462 2759 adhuc
478 2698 561 2782 signa
577 2701 818 2783 magnitudinir,
846 2705 987 2782 porticui
1003 2714 1038 2782 4.
1062 2706 1251 2767 marmoreis

213 2800 375 2866 columnia
387 2797 521 2869 sullulta,
548 2800 580 2860 in
594 2801 704 2863 medio
719 2816 820 2883 porta,
845 2803 972 2876 domus,
992 2805 1047 2867 etli
1062 2804 1248 2870 devastatae.

211 2905 280 2968 Alia
295 2902 383 2963 addit
398 2919 430 2982 p.
441 2901 512 2977 267
525 2899 566 2982 sq.
591 2921 670 2983 quae
686 2905 763 2966 nolo
780 2917 932 2987 repetere.
972 2907 1153 2991 Dillgenter
1168 2927 1250 2971 vero

211 3008 282 3070 eiua
303 3017 336 3065 et
357 3014 504 3063 veterum
520 3006 716 3067 narrationes
736 3008 820 3066 inter
837 3004 867 3068 se
888 2996 1083 3089 comparavit
1102 3008 1251 3071 Gatterer

212 3108 253 3169 de
279 3101 544 3186 metempsychosi
579 3105 650 3167 Vol.
678 3123 713 3184 9.
747 3122 922 3171 comment.
950 3143 997 3157 -
1024 3109 1249 3195 Goettingens.

211 3230 244 3292 p.
263 3209 310 3285 56
328 3205 390 3288 sqq.
417 3205 502 3286 quorl
518 3218 609 3267 antea
628 3205 662 3264 in
677 3207 842 3270 Herodoto
861 3221 1037 3272 tentaverat
1051 3210 1167 3282 Lucae,
1193 3215 1251 3274 etst

210 3304 323 3394 passam
342 3309 451 3369 minua
471 3319 566 3368 recte.
618 3307 660 3369 H.
679 3322 795 3370 vocant
818 3302 928 3399 Coffr·
943 3312 1053 3374 Carurr
1074 3314 1248 3390 (Wanaleb

210 3408 303 3473 lleise
322 3411 363 3468 in‘
380 3407 497 3468 Paulus
520 3409 708 3492 Sammlung
724 3444 769 3458 -
794 3411 832 3474 P.
849 3426 882 3491 3.
899 3433 932 3493 p.
949 3414 1053 3491 278.)
1074 3415 1129 3475 vel
1148 3408 1249 3506 Kosa·

210 3512 353 3579 Karoon.
377 3506 546 3584 (Pococlre
562 3510 603 3571 T.
624 3528 653 3573 ι.
676 3531 708 3591 p.
730 3513 833 3590 ror.)
857 3513 919 3585 vel,
941 3528 978 3576 ut
998 3514 1107 3583 Lucae.
1130 3517 1249 3578 Puluis

210 3612 251 3674 de
269 3611 386 3679 Ceron.
411 3608 499 3691 quod
515 3609 648 3690 perinde
663 3613 758 3684 valet,
784 3615 856 3694 quia
871 3605 956 3704 Kasr
972 3615 1121 3700 significat
1142 3637 1196 3681 arx
1213 3633 1247 3681 et

207 3715 352 3782 Karoon,
378 3730 474 3792 quern
489 3711 638 3794 Aegyptii
653 3710 834 3777 sabulantur
849 3736 957 3800 regem
972 3719 1140 3798 antiquum
1156 3718 1247 3783 suill'e

208 3819 288 3879 adeo
310 3811 519 3894 opulentum,
546 3826 583 3874 ut
600 3829 671 3876 noo
690 3816 800 3876 cameli
816 3817 918 3879 claves
938 3817 1159 3883 thesaurorum
1176 3840 1248 3904 por·

73 3998 77 4007 1
207 3919 314 3979 tarint.
340 3914 429 4000 (vid.
454 3911 603 3975 Pococke
619 3936 647 3976 c.
667 3914 710 3999 l.)
762 3915 866 4001 Negat
888 3932 993 3981 tamen
1021 3922 1187 3985 d’dnville
1212 3937 1248 3984 et

208 4038 282 4081 cum
305 4016 360 4078 illo
384 4016 424 4077 de
447 4014 545 4076 Pauw
566 4013 616 4075 sur
636 4018 682 4080 lea
699 4017 876 4101 Egyptiene
891 4022 931 4083 T.
947 4037 980 4084 Ω.
1000 4043 1031 4105 p.
1050 4035 1110 4101 5¹·
1134 4043 1246 4088 veram

206 4119 289 4184 banc
303 4116 392 4180 suilla
407 4116 476 4180 eius
492 4113 608 4192 sedern,
629 4138 704 4183 cum
717 4119 860 4187 ambitur
875 4137 1041 4209 repugnet,
1063 4137 1096 4188 et
1113 4125 1246 4199 Lucam,
