2634 4716
105 462 108 466 ,
200 397 951 487 ruromr.mcc.1.r.cmc9.
1038 414 1105 480 ³¹9.

61 587 120 654 per
140 569 336 633 Peludacum
361 572 484 637 ostium.
538 574 691 637 Teutovit
712 594 748 636 eo
769 574 934 638 Solmaiiue
950 593 978 637 c.
998 574 1031 636 l.'
1050 572 1104 637 sed

60 691 129 734 non
146 671 227 744 satir,
253 677 380 757 opinor,
405 672 536 740 sonavit.
588 673 774 739 Senluc'hic
790 674 909 739 lubelie
925 674 1038 747 debet,
1064 687 1104 737 ut
1191 682 1209 705 ⁸

59 774 142 836 ordo
163 774 379 840 constituatur.
431 779 480 840 Ad
498 778 589 839 Delta
607 777 702 839 Niluo
724 777 863 839 induor
887 779 995 839 alveos
1018 778 1104 839 divis

60 875 166 947 ditur,
194 897 330 958 quorum
347 899 440 948 unm,
465 874 594 964 ἀγαθὸς
614 875 747 967 δαίμων,
773 880 911 940 excurrit
931 896 986 960 per
1004 878 1103 941 Herc·

59 977 228 1039 cleonicum
246 978 267 1041 l.
283 979 485 1062 Canopicum
507 981 631 1051 odium.
657 981 743 1059 alter,
771 981 875 1043 dictur
890 979 1102 1052 Bubastiacuo,

58 1098 116 1161 per
133 1079 340 1149 Peluliacum.
392 1082 479 1145 Hinc
498 1101 555 1164 pro
583 1080 624 1155 εἰς
643 1076 701 1146 τὸν
720 1071 926 1171 καλούμενον
947 1111 992 1124 -
1011 1080 1103 1162 quod
1166 1094 1170 1103 ’

58 1192 173 1241 natum
194 1181 295 1245 estex
315 1180 467 1265 superiori
487 1183 587 1245 verbo
610 1179 705 1270 ῥέων,
738 1184 821 1244 mole
839 1183 902 1244 huc
922 1200 1104 1243 accommo·
1226 1204 1229 1210 ·

61 1282 155 1352 doto,
186 1283 359 1366 legendum
381 1285 424 1346 est
446 1277 501 1347 καὶ
525 1281 541 1347 ὁ
565 1274 782 1375 καλούμενος,
813 1297 847 1346 et
867 1303 926 1366 pro
945 1277 1000 1346 καὶ
1021 1279 1104 1371 ῥέων

59 1401 136 1444 cum
151 1383 300 1447 Salmafio
320 1381 445 1469 ἐκρέων.
499 1387 680 1448 Maximum
700 1405 779 1449 vero
795 1385 858 1449 hoc
877 1385 991 1448 ostium
1007 1396 1103 1446 vocat

58 1483 180 1547 Seneca
204 1501 307 1551 natur.
325 1489 390 1572 Qu.
407 1497 440 1568 4,
462 1509 493 1552 ι.
539 1487 670 1551 Diversa
696 1501 803 1566 temen
826 1487 909 1549 male
933 1485 1104 1571 componit

12 1656 17 1666 ¹
57 1584 177 1650 Lucan.
192 1599 226 1664 8,
244 1599 329 1670 543.
352 1590 432 1650 dum
446 1585 646 1681 Pelufiocnm
665 1588 832 1670 Canopum
855 1589 946 1651 dixit.

134 1724 419 1839 Bolbicicom)
470 1758 548 1819 Aliis
564 1752 760 1834 Βολβίτινον
782 1752 908 1846 στόμα.
933 1768 971 1818 ut
993 1758 1102 1820 Ptole·

58 1873 152 1918 maeo
167 1865 202 1935 4,
223 1869 258 1934 5.
286 1858 325 1918 de
345 1877 408 1939 quo
431 1860 498 1919 dixi
515 1861 550 1919 in
568 1863 654 1922 notis
669 1860 801 1931 criticis,
827 1861 997 1921 adnitimo
1019 1858 1100 1921 urbe

56 1954 232 2020 Bolbitine.
268 1960 372 2030 .Hoc‚
404 1972 440 2021 ut
468 1959 556 2040 [upra
582 1962 710 2032 notavi,
745 1981 860 2030 manu,
896 1981 962 2021 non
988 1974 1101 2021 natum

57 2055 181 2120 fectum
197 2058 276 2119 dicit
289 2060 475 2123 Herodotus
492 2077 524 2132 2,
547 2076 601 2138 ι7.
631 2061 744 2123 Exibat
759 2064 792 2122 in
807 2062 885 2122 illud
905 2060 983 2143 Toly
996 2063 1101 2124 omnio
1122 2124 1133 2133 ,

57 2169 100 2223 ex
123 2157 203 2221 Nilo
224 2159 392 2224 deductus.
420 2158 645 2245 (Ptolemaeus
661 2181 688 2225 c.
706 2160 752 2245 l.)
804 2163 911 2224 Hodie
939 2164 1100 2243 quaeritur
1173 2188 1177 2199 =

58 2259 166 2343 paullo
199 2258 281 2322 infra
311 2263 426 2324 urbem
455 2255 600 2354 Roschid
624 2262 645 2325 l.
663 2255 810 2354 Rosetto.
855 2261 906 2327 Cf.
930 2263 960 2323 d'
971 2264 1101 2325 daville

58 2381 93 2446 p.
108 2361 167 2444 76.
183 2381 211 2423 c.
227 2361 250 2424 l.
275 2363 327 2423 cui
347 2376 477 2447 propter
491 2367 603 2426 rudera
622 2363 796 2425 adsentitur
816 2368 934 2443 Savary
948 2367 1045 2426 Tom.
1067 2385 1098 2427 ι.

21 2512 23 2517 .
57 2482 92 2549 p.
107 2472 169 2546 47.
194 2477 304 2526 contra
321 2464 461 2537 Maidoi,
491 2469 547 2548 qui
568 2479 734 2549 putaverat
756 2465 944 2549 Canopum,
971 2466 1102 2550 longius

56 2563 137 2627 hinc
157 2564 318 2639 dirlitum,
351 2567 410 2629 ubi
430 2568 464 2631 h.
482 2568 525 2632 ed
541 2566 667 2640 Abudir,
694 2565 764 2631 latio
779 2568 881 2632 nostro
897 2581 998 2630 aetate
1021 2568 1102 2630 cele·

48 2658 192 2738 limium.

135 2833 475 2922 Sebennyticum)
524 2842 569 2903 Ut
594 2840 719 2911 Graeci,
753 2840 791 2900 ab
817 2839 896 2902 urbe
924 2838 1098 2923 Sebennyto

55 2937 381 3022 apud'Stephanum‚
416 2944 470 3023 qui
485 2942 600 3004 eodem
622 2943 719 3003 etiam
736 2943 870 3003 nomine
889 2954 921 3003 et
943 2942 1046 3022 lacum
1064 2953 1100 3001 et
1161 2942 1165 2969 '

57 3040 196 3103 flurium
212 3043 316 3105 novit.
369 3041 559 3126 Sebennytos
575 3064 686 3103 nomos
701 3063 718 3102 o
733 3043 876 3123 pluribus
889 3055 1097 3104 memoratur.

56 3143 245 3206 Secundum
267 3143 489 3206 Ptolemaeum
506 3165 533 3207 c.
550 3146 573 3208 l.
595 3146 630 3204 in
653 3145 687 3203 id
712 3142 815 3205 effluit
840 3144 1098 3203 Tlrcrmutdiacus

57 3245 179 3317 omnim
203 3243 242 3305 ab
258 3245 427 3307 Herodoto
444 3262 476 3317 α,
496 3261 550 3323 17.
571 3266 628 3328 per
647 3246 790 3306 medium
808 3246 900 3306 Delta
917 3245 1096 3306 deducitur.

56 3344 166 3406 Hodie
187 3364 288 3429 prope
308 3346 421 3408 urbem
445 3345 620 3409 Semennud
636 3344 660 3406 [.¹
675 3345 856 3416 demanded,
891 3364 948 3428 pro
971 3343 1097 3408 dialecti

54 3447 189 3519 ratione.
209 3447 430 3529 aquibuedam
447 3448 630 3510 ostenditur.
656 3445 708 3510 cf.
726 3446 886 3509 d'dnvillo
903 3470 936 3529 p.
953 3458 1012 3526 85.
1029 3467 1058 3511 c.
1074 3448 1098 3510 1.

55 3547 175 3629 Savary
190 3548 232 3611 T.
248 3568 278 3612 ι.
293 3570 325 3631 p.
339 3560 423 3627 223.
449 3550 551 3637 Aliter
564 3565 671 3612 tamen
685 3549 813 3611 videtur
827 3547 990 3612 Pocockio
1005 3550 1046 3613 T.
1063 3566 1097 3613 1.

54 3670 89 3732 p.
107 3659 167 3730 34.
193 3652 249 3731 qui
269 3650 399 3735 longior
414 3651 453 3713 ab
469 3651 547 3715 odio
562 3651 617 3714 illo
637 3670 739 3735 prope
760 3650 873 3714 Nilum
891 3671 962 3714 eam
982 3651 1097 3713 urbem

52 3755 160 3835 ponit.

134 3920 470 4004 Potirmeticum)
526 3923 595 3996 Sic.
625 3918 863 4013 Παθμητικὸν.
894 3922 1097 3986 Ptolemaeus

57 4030 94 4104 4.
109 4034 144 4101 5.
170 4023 234 4085 Alii
249 4024 306 4084 ulia
321 4022 424 4086 forma
438 4022 619 4106 proferunt:
642 4026 754 4088 Strabo
769 4040 825 4100 17.
841 4046 874 4107 p.
886 4023 1055 4103 551.l.8o
1066 4045 1096 4086 1.

54 4125 170 4205 Scylax
185 4144 218 4209 p.
237 4134 298 4210 45.
314 4124 416 4191 Hudl.
434 4121 614 4200 Φατνικὸνς
642 4128 776 4192 Diodor.
794 4127 858 4191 Sic.
866 4148 910 4200 q,
929 4141 987 4209 35.
1010 4125 1098 4191 dor·
